4790 6008
668 525 1364 606 n1snnsnns1usr
1641 551 1695 626 29

431 759 512 834 Nec
532 769 572 832 tu
589 751 687 854 quod
701 773 830 848 parvus
847 755 937 848 lapis
954 751 1012 826 bic
1026 752 1186 828 irascere.
1204 771 1316 847 parva

480 884 531 958 Et
548 882 661 978 patria
678 881 755 972 est,
777 881 837 956 sed
856 882 928 957 sert
945 882 1074 956 robora
1091 899 1215 978 magna
1231 877 1361 958 arrum.

675 1135 1346 1214 XLDroseo‘mona.

437 1403 478 1476 In
505 1401 636 1490 clypeo
653 1394 811 1470 Pitanem
832 1392 1079 1487 Thrasybulus
1095 1406 1210 1468 morte
1227 1393 1391 1488 redibat,

486 1525 622 1618 Argiva
640 1525 772 1617 septem
792 1521 941 1596 vulnera
954 1517 1047 1592 frua
1061 1539 1189 1613 manu,

438 1649 578 1728 Consta
595 1647 741 1723 adversa
758 1647 900 1724 serens:
925 1667 1031 1744 quem
1054 1645 1264 1740 Tynnichus
1282 1647 1356 1745 ipse
1380 1661 1571 1726 cruentum

483 1776 653 1870 Imposuit
671 1777 841 1864 flammis,
866 1771 955 1848 dixit
975 1773 1012 1847 δι
1031 1773 1120 1864 ista,
1143 1791 1258 1869 pater:

434 1905 625 1982 Plorentur
646 1902 781 1992 timidi,
806 1917 866 1993 te,
892 1901 966 1991 fili,
1000 1901 1108 1976 srccus
1126 1903 1325 1997 humabo‚'

485 2031 582 2105 Tum
600 2028 645 2102 de
662 2049 716 2104 rue
730 2029 913 2126 genitum,
938 2043 1014 2101 tum
1034 2026 1365 2110 Lacedaemonium.

691 2287 793 2364 XII.
831 2288 1048 2381 Eaucrr,
1084 2287 1369 2366 Cuzrenrsr.

439 2527 577 2604 Amissis
595 2547 676 2602 cum
695 2542 753 2618 te,
777 2501 986 2620 Demetrio,
1012 2540 1173 2604 cerneret
1195 2531 1325 2622 armis,

342 2690 346 2698 ·
485 2657 627 2752 Integra
640 2653 684 2726 de
706 2652 801 2728 besso
821 2651 975 2729 membra
995 2653 1128 2728 referre
1145 2649 1294 2730 domum
1302 2641 1324 2748 ,’

439 2782 516 2878 Ipsa
536 2799 688 2875 parens,
716 2780 821 2855 saevo
839 2795 900 2853 tua
917 2779 1001 2854 dum
1019 2783 1114 2857 fodit
1131 2783 1191 2858 iiia
1208 2784 1332 2874 ferra,

486 2909 585 2982 Haec
605 2905 701 2980 simul
714 2905 751 2980 in
771 2904 888 2983 medio
907 2908 1055 2984 vulnere
1071 2910 1180 2985 verba
1198 2907 1310 2984 dedit.

439 3034 537 3134 Quin
557 3012 719 3120 morere,
747 3045 787 3105 ut
806 3029 932 3126 Sparte
952 3035 1088 3126 probro
1107 3052 1234 3109 vacet:
1258 3033 1318 3108 iila
1328 3082 1344 3126 ,
1378 3033 1564 3134 fugacem,

425 3209 434 3226 .
484 3158 527 3232 Si·
538 3178 614 3232 mea
629 3157 804 3233 lassarunt
824 3157 961 3268 ubera,
987 3157 1072 3253 quid
1087 3163 1237 3254 potuit?

728 3407 860 3482 XIII.
893 3406 998 3483 oa
1024 3429 1057 3481 nr
1081 3429 1107 3482 n
1133 3429 1260 3483 oras
1284 3431 1341 3484 r
1375 3449 1381 3460 ·

438 3661 565 3736 Noliet
587 3660 807 3756 Aristagoras
826 3675 965 3756 tergum
987 3676 1067 3734 cunr
1085 3641 1251 3754 vertere,
1276 3675 1429 3736 mortem

490 3787 643 3876 Maluit,
671 3785 877 3866 Ambraciae
898 3785 992 3858 serre
1012 3786 1198 3879 proicitur
1216 3811 1349 3884 opem,

439 3911 670 4007 Theopompi
684 3909 846 4000 soboles,
873 3931 991 4007 neque
1011 3883 1140 4018 miror:
1170 3912 1305 3986 Dorica
1323 3913 1399 3990 laus
1417 3913 1497 4006 est,¹

489 4041 578 4116 Non
593 4037 706 4133 pluris
723 4037 992 4112 vitamcredere
1011 4031 1116 4136 quam
1134 4039 1294 4133 patriam.
1321 4023 1325 4032 ’

663 4289 786 4365 XIV.
824 4294 871 4364 ,Α
897 4311 1016 4366 non
1043 4315 1068 4366 r
1091 4313 1120 4366 o·
1141 4310 1171 4365 rs
1195 4311 1319 4366 non
1342 4313 1386 4368 s..

440 4543 629 4638 Armigero
647 4542 776 4618 tulerat
796 4543 857 4640 qui
874 4546 969 4618 serra
984 4543 1044 4618 sed
1063 4565 1165 4620 aurea
1183 4546 1280 4619 collo

488 4671 611 4746 Aelius
630 4670 799 4763 Ausoniis
818 4669 1007 4744 dumorin
1024 4671 1220 4766 agminibus
1236 4693 1261 4762 3.
1355 4711 1361 4720 ·

390 4836 397 4846 ·
441 4796 519 4893 lpse
540 4795 619 4868 suos
637 4787 755 4868 'tantos
775 4795 811 4868 δι
828 4779 885 4900 ¹iot
901 4795 1057 4892 respexit
1074 4799 1117 4871 ad
1134 4795 1258 4888 aiios,

318 5013 321 5018 ,
486 4923 546 5008 Ex
561 4921 686 4997 morbo
703 4925 857 4996 mortum
871 4921 958 5000 dum
979 4921 1079 4998 videt
1090 4924 1159 5001 esse
1174 4929 1318 5020 proper
1391 4936 1395 4945 ·

439 5031 444 5045 ’
1004 5047 1043 5122 D
1069 5069 1094 5144 3
1258 5149 1262 5158 .
1566 5048 1698 5128 Trans·
