4790 6008
689 509 955 598 :arana
1004 509 1394 594 TERTIUS.

467 747 606 837 Inclyta
625 762 716 843 quae
736 755 847 816 totam
865 739 986 835 posuit
1003 749 1229 814 monomenta
1246 759 1311 833 per
1331 739 1477 830 urbem,
1597 745 1613 772 ⁸

515 871 641 948 Testes
662 868 807 944 eximiae
828 881 884 941 tot
903 863 1073 941 bonitatis
1092 864 1212 939 habet.

763 1181 1325 1279 XV11.EJusnnur,

950 1404 990 1478 dt
1016 1395 1133 1478 codena
1264 1405 1267 1414 '

457 1731 637 1832 Johanpes
657 1725 801 1801 Phariae
820 1723 988 1820 princeps
1008 1723 1138 1797 virtute
1166 1722 1341 1798 sacerdos.

458 1857 686 1942 Urbiserat,
709 1850 821 1946 patria
838 1871 937 1924 nunc
957 1851 994 1924 in
1014 1851 1141 1923 tellure
1159 1849 1321 1945 quiescit.

457 1985 552 2056 Naro
572 1997 703 2072 corpus
721 1975 869 2048 mortale
888 1973 981 2050 fuit:
1009 1975 1094 2070 iicet
1111 1975 1184 2071 ipsa
1202 1993 1366 2068 perenne

455 2109 597 2182 Floreat
616 2103 810 2180 innumeris
828 2101 901 2176 vita
919 2101 1176 2177 immortalibus
1194 2100 1294 2175 aurs.

698 2373 879 2495 XVIIIa
928 2417 1373 2495 Samonion.
1450 2395 1453 2400 ⁵

458 2738 618 2840 Quisque
637 2734 733 2812 soum
750 2737 870 2835 plorat
887 2752 993 2831 quem
1010 2735 1086 2810 fato
1102 2734 1244 2832 perdit:
1279 2735 1409 2839 antici,

502 2865 599 2940 Tota
616 2863 715 2940 fimui
732 2864 848 2959 plorat
865 2859 978 2958 patria
1000 2859 1232 2940 Nicodicutu.
1323 2925 1329 2936 t

554 3181 677 3260 XIX.
712 3183 771 3256 Ex
788 3181 1044 3274 Epigrumntuair
1059 3172 1174 3256 sanat·
1192 3181 1342 3276 Gregorii
1363 3177 1529 3274 iirtologia

454 3489 571 3575 Testis'
594 3493 792 3587 amicitiae,
817 3519 884 3570 nos
904 3495 1005 3570 inter'
1018 3516 1166 3595 magna,
1193 3499 1322 3576 Sabine
1429 3489 1433 3498 ’

501 3621 669 3716 Optime,
697 3641 787 3716 quae
807 3607 947 3712 fuerat,
975 3643 1107 3716 parvus
1126 3625 1184 3698 hic
1205 3623 1280 3698 esto
1297 3624 1409 3721 lapisr

453 3751 598 3840 Semper
617 3763 655 3818 te
670 3747 822 3840 cupiam.
875 3747 1007 3836 sisae,
1034 3747 1188 3822 Lethaea
1214 3748 1357 3825 viciffirn

501 3876 691 3948 Sumuntur
704 3873 752 3947 tie
769 3893 825 3946 nrt
845 3873 976 3967 pocula
994 3874 1093 3946 nulla
1114 3875 1191 3951 tibi.

779 4154 1310 4265 Xthrrcenrrt

449 4503 604 4580 Divinos
622 4505 708 4578 haec
730 4518 821 4578 terra
837 4505 961 4594 unos,
981 4507 1215 4606 raaosumque
1233 4510 1371 4606 semper

498 4631 678 4717 Nomina,
705 4627 903 4725 Johannem
927 4633 1240 4732 Theudosrumque
1258 4634 1369 4708 dedit.

405 4737 407 4741 ’
429 4863 432 4871 Ι
451 4755 551 4852 Quos
571 4753 654 4842 sua,
679 4775 770 4850 quae
791 4761 961 4834 summum
981 4761 1183 4857 penetravit
1201 4759 1245 4832 ad
1266 4740 1429 4853 aethera,
1459 4756 1573 4834 virtus

499 4879 611 4957 Nunc
629 4879 689 4954 dat
704 4901 895 4982 perpetuae
913 4885 1001 4962 lucis
1020 4886 1149 4964 habere
1167 4883 1313 4960 domun·
1520 4998 1629 5080 XXI
1664 4999 1688 5074 d

1558 5053 1562 5062 »
1628 5051 1640 5075 .
1688 5023 1705 5080 t
