4790 6008
546 553 549 561 ‘
633 575 1330 676 munucauanus.
1606 589 1658 680 ’43

401 813 508 904 Feci,
534 825 666 912 quanta
679 811 778 910 prius
793 825 900 888 nemo
918 805 964 886 de
982 810 1148 908 regibus3
1170 807 1264 886 ulma

455 939 494 1015 Si
511 941 588 1038 quis
605 939 670 1034 iit,
688 959 776 1037 pars
795 937 846 1014 est
864 934 1042 1034 sanguinis
1056 935 1116 1011 ille
1135 934 1216 1010 mei.
1241 1052 1245 1062 Ὺ
1266 1007 1268 1012 ,

582 1265 760 1344 ·XLm
810 1263 1354 1340 Paumnm1om1s

408 1587 558 1692 Quaeris
577 1565 773 1664 Alemandri
790 1593 954 1666 Macetae
970 1587 1147 1674 celebrare
1174 1587 1425 1684 sepulchrum?

457 1714 639 1812 Europam
657 1731 765 1813 atque
781 1718 899 1794 Asiam
919 1717 963 1792 da
980 1730 1210 1792 monumenta
1228 1715 1322 1793 viro.

646 1975 1327 2063 XLIII-Amcnnnaun,

509 2136 549 2208 de
569 2138 633 2230 iis,
659 2140 713 2232 qui
729 2159 798 2212 cum
818 2135 1097 2236 Leonida'contra
1111 2129 1235 2230 Persas
1247 2149 1474 2230 pugnauerunt

837 2263 881 2334 ad
903 2259 1144 2356 Thermopylas.

407 2583 474 2658 His
496 2582 627 2679 quibus
645 2584 765 2662 Orcus
785 2599 859 2660 emt
876 2585 990 2662 somni
1007 2585 1112 2678 vice,
1140 2583 1236 2662 nulla
1256 2583 1446 2677 columna,

457 2709 528 2782 Sed
545 2712 697 2806 pretium
719 2716 834 2790 uirtus
851 2713 985 2790 exstitit
997 2713 1074 2812 ipsa
1093 2712 1165 2800 sui

634 2969 800 3050 XLIV.
851 2963 1340 3051 Ponus'au'nan

404 3289 554 3366 Moenia
571 3291 662 3365 celsa
679 3293 867 3387 Ephyres,
901 3290 1038 3366 telluris
1053 3291 1172 3365 lumen
1192 3289 1369 3382 Achivae,

456 3417 527 3490 Hic
544 3418 605 3493 ubi
625 3417 660 3492 se
678 3416 795 3514 jungit
813 3417 914 3492 littus
930 3431 1125 3516 utrumque
1142 3416 1277 3507 maris,

402 3540 598 3617 Mummius
614 3543 727 3618 everti
739 3565 757 3616 a
776 3541 944 3637 scopulus
961 3543 1144 3624 numerosa
1163 3542 1321 3618 vicorum

428 3757 432 3764 Ι
454 3669 593 3759 Millia,
620 3690 713 3766 quos
731 3663 863 3744 beilum
882 3669 1062 3766 perdidit,
1089 3653 1340 3745 unus·habet.·'

407 3792 494 3891 igne
513 3795 654 3871 domum
677 3797 805 3872 Priami
823 3798 983 3895 populus
1005 3796 1155 3874 vastarat
1175 3795 1367 3890 Achaeus,

457 3919 535 4015 ipse
556 3945 622 4020 per
643 3923 829 4002 Aeneadas
846 3946 943 4001 nunc
959 3941 1057 4000 caret
1075 3924 1158 4032 igne
1177 3923 1268 4020 rogi.

646 4221 782 4325 XLVL
816 4249 1072 4325 Pisanum
1106 4222 1315 4324 Rumon.
1419 4223 1424 4236 ’

257 4553 269 4572 “
408 4565 634 4664 Hippaemon
654 4573 708 4651 vir
726 4573 841 4651 dicius
861 4590 957 4668 erat,
981 4575 1192 4671 sonipesque
1212 4573 1418 4674 Podargus,

457 4699 734 4801 Theragrusque
754 4703 874 4797 cunin,
899 4701 1184 4801 mancipiumque
1205 4699 1332 4783 Babes.

407 4820 620 4916 Thessalus,
647 4827 995 4930 eCrcta·,·‘Magnes
1017 4851 1154 4929 genus,
1178 4831 1515 4929 Haemonenatus,
1555 4865 1560 4878 ·

459 4953 626 5049 Occidit,
650 4957 687 5033 in
705 4957 923 5053 primodum
941 4948 1177 5036 mouet-mma
1195 4963 1290 5038 loco.
1400 5031 1405 5040 .

478 5103 488 5120 ²
984 5089 1062 5166 Fe
1506 5085 1667 5166 XLVL
