<?xml version="1.0" encoding="UTF-8"?>
<!DOCTYPE html PUBLIC "-//W3C//DTD XHTML 1.0 Transitional//EN"
    "http://www.w3.org/TR/xhtml1/DTD/xhtml1-transitional.dtd">
<html xmlns="http://www.w3.org/1999/xhtml" xml:lang="en" lang="en">
 <head>
  <title>
</title>
<meta http-equiv="Content-Type" content="text/html;charset=utf-8" />
  <meta name='ocr-system' content='tesseract 3.04.00' />
  <meta name='ocr-capabilities' content='ocr_page ocr_carea ocr_par ocr_line ocrx_word'/>
</head>
<body>
  <div class='ocr_page' id='page_1' title='image "anthologiagraec01saumgoog_0089.png"; bbox 0 0 4606 6000; ppageno 0'>
   <div class='ocr_carea' id='block_1_1' title="bbox 493 527 1294 616">
    <p class='ocr_par' dir='ltr' id='par_1_1' title="bbox 493 527 1294 616">
     <span class='ocr_line' id='line_1_1' title="bbox 493 527 1294 616; baseline -0.005 0"><span class='ocrx_word' id='word_1_1' title='bbox 493 573 496 580; x_wconf 96' lang='lat'>·</span> <span class='ocrx_word' id='word_1_2' title='bbox 597 527 1294 616; x_wconf 82' lang='lat' dir='ltr'>LIBER&#39;TERTIUS.</span> 
     </span>
    </p>
   </div>
   <div class='ocr_carea' id='block_1_2' title="bbox 616 849 1257 927">
    <p class='ocr_par' dir='ltr' id='par_1_2' title="bbox 616 849 1257 927">
     <span class='ocr_line' id='line_1_2' title="bbox 616 849 1257 927; baseline 0.003 -3"><span class='ocrx_word' id='word_1_3' title='bbox 616 849 803 927; x_wconf 87' lang='lat' dir='ltr'><strong>XLVII.</strong></span> <span class='ocrx_word' id='word_1_4' title='bbox 856 853 1257 926; x_wconf 70' lang='lat' dir='ltr'>Luou1ueu.</span> 
     </span>
    </p>
   </div>
   <div class='ocr_carea' id='block_1_3' title="bbox 362 1104 1479 1582">
    <p class='ocr_par' dir='ltr' id='par_1_3' title="bbox 362 1104 1479 1459">
     <span class='ocr_line' id='line_1_3' title="bbox 362 1104 1345 1204; baseline -0.003 -19"><span class='ocrx_word' id='word_1_5' title='bbox 362 1108 524 1186; x_wconf 86' lang='lat' dir='ltr'>Pulveris</span> <span class='ocrx_word' id='word_1_6' title='bbox 543 1105 710 1204; x_wconf 84' lang='lat' dir='ltr'>exiguum</span> <span class='ocrx_word' id='word_1_7' title='bbox 731 1104 812 1182; x_wconf 86' lang='lat' dir='ltr'>satis</span> <span class='ocrx_word' id='word_1_8' title='bbox 831 1105 882 1180; x_wconf 88' lang='lat' dir='ltr'>est</span> <span class='ocrx_word' id='word_1_9' title='bbox 901 1108 1006 1180; x_wconf 86' lang='lat' dir='ltr'>mihi:</span> <span class='ocrx_word' id='word_1_10' title='bbox 1033 1108 1200 1204; x_wconf 83' lang='lat' dir='ltr'>grandior</span> <span class='ocrx_word' id='word_1_11' title='bbox 1214 1107 1294 1182; x_wconf 86' lang='lat' dir='ltr'>illos</span> <span class='ocrx_word' id='word_1_12' title='bbox 1340 1174 1345 1182; x_wconf 92' lang='lat'>.</span> 
     </span>
     <span class='ocr_line' id='line_1_4' title="bbox 413 1233 1426 1332; baseline 0.001 -22"><span class='ocrx_word' id='word_1_13' title='bbox 413 1235 527 1310; x_wconf 88' lang='lat' dir='ltr'>Gleba</span> <span class='ocrx_word' id='word_1_14' title='bbox 545 1247 667 1330; x_wconf 84' lang='lat' dir='ltr'>teget,</span> <span class='ocrx_word' id='word_1_15' title='bbox 692 1253 844 1332; x_wconf 87' lang='lat' dir='ltr'>quorum</span> <span class='ocrx_word' id='word_1_16' title='bbox 862 1253 957 1308; x_wconf 89' lang='lat' dir='ltr'>mors</span> <span class='ocrx_word' id='word_1_17' title='bbox 977 1255 1121 1330; x_wconf 89' lang='lat' dir='ltr'>quoque</span> <span class='ocrx_word' id='word_1_18' title='bbox 1141 1233 1311 1308; x_wconf 83' lang='lat' dir='ltr'>monstrat</span> <span class='ocrx_word' id='word_1_19' title='bbox 1327 1255 1426 1328; x_wconf 88' lang='lat' dir='ltr'>opes.</span> 
     </span>
     <span class='ocr_line' id='line_1_5' title="bbox 362 1355 1479 1459; baseline -0.002 -21"><span class='ocrx_word' id='word_1_20' title='bbox 362 1363 431 1438; x_wconf 83' lang='lat' dir='ltr'>Pro</span> <span class='ocrx_word' id='word_1_21' title='bbox 456 1361 563 1456; x_wconf 87' lang='lat' dir='ltr'>cippo</span> <span class='ocrx_word' id='word_1_22' title='bbox 587 1359 694 1459; x_wconf 85' lang='lat' dir='ltr'>(quid</span> <span class='ocrx_word' id='word_1_23' title='bbox 712 1355 949 1434; x_wconf 72' lang='lat' dir='ltr'>ouus‘Munes</span> <span class='ocrx_word' id='word_1_24' title='bbox 966 1357 1117 1454; x_wconf 75' lang='lat' dir='ltr'>juvati)</span> <span class='ocrx_word' id='word_1_25' title='bbox 1134 1360 1172 1433; x_wconf 91' lang='lat' dir='ltr'>hi</span> <span class='ocrx_word' id='word_1_26' title='bbox 1188 1357 1292 1450; x_wconf 85' lang='lat' dir='ltr'>mihi,</span> <span class='ocrx_word' id='word_1_27' title='bbox 1317 1374 1420 1433; x_wconf 82' lang='lat' dir='ltr'>notus</span> <span class='ocrx_word' id='word_1_28' title='bbox 1475 1429 1479 1436; x_wconf 90' lang='grc'><em>,</em></span> 
     </span>
    </p>

    <p class='ocr_par' dir='ltr' id='par_1_4' title="bbox 412 1483 1217 1582">
     <span class='ocr_line' id='line_1_6' title="bbox 412 1483 1217 1582; baseline -0.004 -19"><span class='ocrx_word' id='word_1_29' title='bbox 412 1487 493 1563; x_wconf 85' lang='lat' dir='ltr'>Sum</span> <span class='ocrx_word' id='word_1_30' title='bbox 513 1486 638 1582; x_wconf 82' lang='lat' dir='ltr'>quibus</span> <span class='ocrx_word' id='word_1_31' title='bbox 655 1483 835 1561; x_wconf 84' lang='lat' dir='ltr'>Alcander</span> <span class='ocrx_word' id='word_1_32' title='bbox 858 1483 901 1556; x_wconf 90' lang='lat' dir='ltr'>de</span> <span class='ocrx_word' id='word_1_33' title='bbox 920 1496 1020 1580; x_wconf 81' lang='lat' dir='ltr'>petre</span> <span class='ocrx_word' id='word_1_34' title='bbox 1041 1485 1217 1562; x_wconf 83' lang='lat' dir='ltr'>Callitele.</span> 
     </span>
    </p>
   </div>
   <div class='ocr_carea' id='block_1_4' title="bbox 627 1740 1270 1822">
    <p class='ocr_par' dir='ltr' id='par_1_5' title="bbox 627 1740 1270 1822">
     <span class='ocr_line' id='line_1_7' title="bbox 627 1740 1270 1822; baseline 0 -4"><span class='ocrx_word' id='word_1_35' title='bbox 627 1742 844 1819; x_wconf 86' lang='lat' dir='ltr'><strong>XL&#39;VIII.</strong></span> <span class='ocrx_word' id='word_1_36' title='bbox 879 1740 1270 1822; x_wconf 73' lang='lat' dir='ltr'>Louu11BAss1.</span> 
     </span>
    </p>
   </div>
   <div class='ocr_carea' id='block_1_5' title="bbox 366 1999 1335 2729">
    <p class='ocr_par' dir='ltr' id='par_1_6' title="bbox 368 1999 1190 2105">
     <span class='ocr_line' id='line_1_8' title="bbox 368 1999 1190 2105; baseline 0.005 -31"><span class='ocrx_word' id='word_1_37' title='bbox 368 2001 450 2075; x_wconf 78' lang='lat' dir='ltr'>Oiia</span> <span class='ocrx_word' id='word_1_38' title='bbox 466 2000 535 2074; x_wconf 87' lang='lat' dir='ltr'>viri</span> <span class='ocrx_word' id='word_1_39' title='bbox 551 1999 666 2092; x_wconf 87' lang='lat' dir='ltr'>mitis,</span> <span class='ocrx_word' id='word_1_40' title='bbox 690 2004 784 2078; x_wconf 85' lang='lat' dir='ltr'>mitis</span> <span class='ocrx_word' id='word_1_41' title='bbox 804 2024 891 2105; x_wconf 84' lang='lat' dir='ltr'>cape</span> <span class='ocrx_word' id='word_1_42' title='bbox 908 2018 1000 2078; x_wconf 83' lang='lat' dir='ltr'>terra</span> <span class='ocrx_word' id='word_1_43' title='bbox 1018 2005 1190 2082; x_wconf 82' lang='lat' dir='ltr'>Tarenti:</span> 
     </span>
    </p>

    <p class='ocr_par' dir='ltr' id='par_1_7' title="bbox 366 2127 1288 2348">
     <span class='ocr_line' id='line_1_9' title="bbox 414 2127 1288 2224; baseline 0 -22"><span class='ocrx_word' id='word_1_44' title='bbox 414 2127 497 2202; x_wconf 88' lang='lat' dir='ltr'>Heu</span> <span class='ocrx_word' id='word_1_45' title='bbox 515 2127 635 2200; x_wconf 86' lang='lat' dir='ltr'>vairos</span> <span class='ocrx_word' id='word_1_46' title='bbox 652 2127 831 2204; x_wconf 86' lang='lat' dir='ltr'>hominum</span> <span class='ocrx_word' id='word_1_47' title='bbox 850 2130 973 2204; x_wconf 82' lang='lat' dir='ltr'>fallere</span> <span class='ocrx_word' id='word_1_48' title='bbox 991 2145 1079 2204; x_wconf 85' lang='lat' dir='ltr'>vota</span> <span class='ocrx_word' id='word_1_49' title='bbox 1094 2129 1215 2204; x_wconf 80' lang='lat' dir='ltr'>Deos!</span> <span class='ocrx_word' id='word_1_50' title='bbox 1286 2213 1288 2224; x_wconf 17' lang='lat' dir='ltr'><em>A</em></span> 
     </span>
     <span class='ocr_line' id='line_1_10' title="bbox 366 2251 1244 2348; baseline -0.003 -19"><span class='ocrx_word' id='word_1_51' title='bbox 366 2256 401 2329; x_wconf 82' lang='lat' dir='ltr'>A</span> <span class='ocrx_word' id='word_1_52' title='bbox 421 2251 556 2326; x_wconf 82' lang='lat' dir='ltr'>Thebis</span> <span class='ocrx_word' id='word_1_53' title='bbox 573 2251 719 2326; x_wconf 86' lang='lat' dir='ltr'>veniens</span> <span class='ocrx_word' id='word_1_54' title='bbox 736 2275 817 2326; x_wconf 89' lang='lat' dir='ltr'>cum</span> <span class='ocrx_word' id='word_1_55' title='bbox 836 2257 946 2332; x_wconf 89' lang='lat' dir='ltr'>vellet</span> <span class='ocrx_word' id='word_1_56' title='bbox 960 2255 1152 2348; x_wconf 80' lang='lat' dir='ltr'>Atymnius</span> <span class='ocrx_word' id='word_1_57' title='bbox 1169 2254 1244 2343; x_wconf 82' lang='lat' dir='ltr'>ire,</span> 
     </span>
    </p>

    <p class='ocr_par' dir='ltr' id='par_1_8' title="bbox 367 2375 1194 2600">
     <span class='ocr_line' id='line_1_11' title="bbox 416 2375 1194 2474; baseline -0.006 -20"><span class='ocrx_word' id='word_1_58' title='bbox 416 2377 577 2472; x_wconf 85' lang='lat' dir='ltr'><strong>Longius</strong></span> <span class='ocrx_word' id='word_1_59' title='bbox 599 2375 636 2450; x_wconf 91' lang='lat' dir='ltr'>in</span> <span class='ocrx_word' id='word_1_60' title='bbox 662 2379 765 2474; x_wconf 79' lang='lat' dir='ltr'>gleba</span> <span class='ocrx_word' id='word_1_61' title='bbox 791 2377 945 2453; x_wconf 90' lang='lat' dir='ltr'>substitit</span> <span class='ocrx_word' id='word_1_62' title='bbox 971 2399 1055 2453; x_wconf 85' lang='lat' dir='ltr'>ecce</span> <span class='ocrx_word' id='word_1_63' title='bbox 1082 2392 1150 2452; x_wconf 80' lang='lat' dir='ltr'>tue.</span> <span class='ocrx_word' id='word_1_64' title='bbox 1191 2413 1194 2420; x_wconf 95' lang='lat'>·</span> 
     </span>
     <span class='ocr_line' id='line_1_12' title="bbox 367 2503 1186 2600; baseline -0.002 -22"><span class='ocrx_word' id='word_1_65' title='bbox 367 2503 544 2598; x_wconf 87' lang='lat' dir='ltr'>Pupillum</span> <span class='ocrx_word' id='word_1_66' title='bbox 569 2503 684 2576; x_wconf 89' lang='lat' dir='ltr'>veluti</span> <span class='ocrx_word' id='word_1_67' title='bbox 708 2503 891 2596; x_wconf 84' lang='lat' dir='ltr'>spoliatum</span> <span class='ocrx_word' id='word_1_68' title='bbox 912 2505 993 2578; x_wconf 86' lang='lat' dir='ltr'>luce</span> <span class='ocrx_word' id='word_1_69' title='bbox 1017 2503 1186 2600; x_wconf 85' lang='lat' dir='ltr'>reliquit3</span> 
     </span>
    </p>

    <p class='ocr_par' dir='ltr' id='par_1_9' title="bbox 417 2627 1335 2729">
     <span class='ocr_line' id='line_1_13' title="bbox 417 2627 1335 2729; baseline 0.001 -27"><span class='ocrx_word' id='word_1_70' title='bbox 417 2629 499 2702; x_wconf 88' lang='lat' dir='ltr'>Hoc</span> <span class='ocrx_word' id='word_1_71' title='bbox 524 2650 656 2726; x_wconf 82' lang='lat' dir='ltr'>greve:</span> <span class='ocrx_word' id='word_1_72' title='bbox 683 2647 721 2704; x_wconf 87' lang='lat' dir='ltr'>tu</span> <span class='ocrx_word' id='word_1_73' title='bbox 744 2628 804 2703; x_wconf 89' lang='lat' dir='ltr'>sed</span> <span class='ocrx_word' id='word_1_74' title='bbox 826 2632 861 2706; x_wconf 89' lang='lat' dir='ltr'>ei</span> <span class='ocrx_word' id='word_1_75' title='bbox 883 2633 952 2723; x_wconf 86' lang='lat' dir='ltr'>fis,</span> <span class='ocrx_word' id='word_1_76' title='bbox 978 2651 1091 2729; x_wconf 85' lang='lat' dir='ltr'>rogo,</span> <span class='ocrx_word' id='word_1_77' title='bbox 1117 2644 1209 2706; x_wconf 83' lang='lat' dir='ltr'>terre</span> <span class='ocrx_word' id='word_1_78' title='bbox 1233 2627 1335 2706; x_wconf 84' lang='lat' dir='ltr'>levis.</span> 
     </span>
    </p>
   </div>
   <div class='ocr_carea' id='block_1_6' title="bbox 585 2885 1301 2968">
    <p class='ocr_par' dir='ltr' id='par_1_10' title="bbox 585 2885 1301 2968">
     <span class='ocr_line' id='line_1_14' title="bbox 585 2885 1301 2968; baseline 0.001 -5"><span class='ocrx_word' id='word_1_79' title='bbox 585 2885 748 2968; x_wconf 87' lang='lat' dir='ltr'><strong>XLIX.</strong></span> <span class='ocrx_word' id='word_1_80' title='bbox 802 2888 1301 2968; x_wconf 71' lang='lat' dir='ltr'>Cuxuuoouou.</span> 
     </span>
    </p>
   </div>
   <div class='ocr_carea' id='block_1_7' title="bbox 367 3141 1529 3241">
    <p class='ocr_par' dir='ltr' id='par_1_11' title="bbox 367 3141 1529 3241">
     <span class='ocr_line' id='line_1_15' title="bbox 367 3141 1529 3241; baseline 0.003 -25"><span class='ocrx_word' id='word_1_81' title='bbox 367 3141 498 3217; x_wconf 82' lang='lat' dir='ltr'><strong>Debita</strong></span> <span class='ocrx_word' id='word_1_82' title='bbox 513 3165 600 3240; x_wconf 86' lang='lat' dir='ltr'>gens</span> <span class='ocrx_word' id='word_1_83' title='bbox 622 3145 751 3234; x_wconf 84' lang='lat' dir='ltr'>morti,</span> <span class='ocrx_word' id='word_1_84' title='bbox 776 3144 897 3221; x_wconf 87' lang='lat' dir='ltr'>mortis</span> <span class='ocrx_word' id='word_1_85' title='bbox 917 3162 1032 3224; x_wconf 84' lang='lat' dir='ltr'>tamen</span> <span class='ocrx_word' id='word_1_86' title='bbox 1050 3150 1255 3237; x_wconf 86' lang='lat' dir='ltr'>immemor,</span> <span class='ocrx_word' id='word_1_87' title='bbox 1279 3144 1369 3238; x_wconf 88' lang='lat' dir='ltr'>heu,</span> <span class='ocrx_word' id='word_1_88' title='bbox 1394 3143 1482 3241; x_wconf 88' lang='lat' dir='ltr'>quid</span> <span class='ocrx_word' id='word_1_89' title='bbox 1527 3153 1529 3161; x_wconf 80' lang='grc'><strong>“</strong></span> 
     </span>
    </p>
   </div>
   <div class='ocr_carea' id='block_1_8' title="bbox 369 3269 1320 3866">
    <p class='ocr_par' dir='ltr' id='par_1_12' title="bbox 369 3269 1247 3493">
     <span class='ocr_line' id='line_1_16' title="bbox 418 3269 1247 3365; baseline 0.002 -23"><span class='ocrx_word' id='word_1_90' title='bbox 418 3269 477 3342; x_wconf 89' lang='lat' dir='ltr'>Ex</span> <span class='ocrx_word' id='word_1_91' title='bbox 496 3269 556 3362; x_wconf 91' lang='lat' dir='ltr'>spe</span> <span class='ocrx_word' id='word_1_92' title='bbox 572 3285 781 3364; x_wconf 87' lang='lat' dir='ltr'>perpetuum</span> <span class='ocrx_word' id='word_1_93' title='bbox 799 3270 955 3365; x_wconf 87' lang='lat' dir='ltr'>pendula</span> <span class='ocrx_word' id='word_1_94' title='bbox 975 3275 1079 3347; x_wconf 84' lang='lat' dir='ltr'>turba</span> <span class='ocrx_word' id='word_1_95' title='bbox 1099 3271 1247 3346; x_wconf 75' lang='lat' dir='ltr'>dumus?</span> 
     </span>
     <span class='ocr_line' id='line_1_17' title="bbox 369 3393 1231 3493; baseline 0.003 -25"><span class='ocrx_word' id='word_1_96' title='bbox 369 3396 534 3470; x_wconf 84' lang='lat' dir='ltr'>Moribus</span> <span class='ocrx_word' id='word_1_97' title='bbox 550 3397 735 3493; x_wconf 84' lang='lat' dir='ltr'>egregius,</span> <span class='ocrx_word' id='word_1_98' title='bbox 755 3393 910 3471; x_wconf 84' lang='lat' dir='ltr'>facunda</span> <span class='ocrx_word' id='word_1_99' title='bbox 925 3414 1017 3470; x_wconf 88' lang='lat' dir='ltr'>voce</span> <span class='ocrx_word' id='word_1_100' title='bbox 1036 3395 1231 3487; x_wconf 84' lang='lat' dir='ltr'>Seleucus,</span> 
     </span>
    </p>

    <p class='ocr_par' dir='ltr' id='par_1_13' title="bbox 372 3519 1320 3741">
     <span class='ocr_line' id='line_1_18' title="bbox 420 3519 1320 3616; baseline -0.001 -22"><span class='ocrx_word' id='word_1_101' title='bbox 420 3519 494 3594; x_wconf 91' lang='lat' dir='ltr'>Cui</span> <span class='ocrx_word' id='word_1_102' title='bbox 515 3521 613 3595; x_wconf 81' lang='lat' dir='ltr'>dedit</span> <span class='ocrx_word' id='word_1_103' title='bbox 629 3520 725 3594; x_wconf 86' lang='lat' dir='ltr'>haud</span> <span class='ocrx_word' id='word_1_104' title='bbox 743 3521 892 3595; x_wconf 86' lang='lat' dir='ltr'>multum</span> <span class='ocrx_word' id='word_1_105' title='bbox 913 3521 1062 3614; x_wconf 84' lang='lat' dir='ltr'>pulchra</span> <span class='ocrx_word' id='word_1_106' title='bbox 1080 3523 1226 3616; x_wconf 82' lang='lat' dir='ltr'>juventa</span> <span class='ocrx_word' id='word_1_107' title='bbox 1245 3519 1320 3609; x_wconf 93' lang='lat' dir='ltr'>sui,</span> 
     </span>
     <span class='ocr_line' id='line_1_19' title="bbox 372 3646 1281 3741; baseline 0.002 -21"><span class='ocrx_word' id='word_1_108' title='bbox 372 3647 406 3720; x_wconf 84' lang='grc' dir='ltr'>Α</span> <span class='ocrx_word' id='word_1_109' title='bbox 432 3647 543 3740; x_wconf 83' lang='lat' dir='ltr'>patrie</span> <span class='ocrx_word' id='word_1_110' title='bbox 570 3647 687 3722; x_wconf 84' lang='lat' dir='ltr'>Lesbo</span> <span class='ocrx_word' id='word_1_111' title='bbox 713 3647 814 3720; x_wconf 87' lang='lat' dir='ltr'>terris</span> <span class='ocrx_word' id='word_1_112' title='bbox 838 3650 964 3740; x_wconf 86' lang='lat' dir='ltr'>procul</span> <span class='ocrx_word' id='word_1_113' title='bbox 987 3647 1117 3741; x_wconf 85' lang='lat' dir='ltr'>hospes</span> <span class='ocrx_word' id='word_1_114' title='bbox 1143 3646 1281 3736; x_wconf 85' lang='lat' dir='ltr'>Iberis,</span> 
     </span>
    </p>

    <p class='ocr_par' dir='ltr' id='par_1_14' title="bbox 423 3771 1320 3866">
     <span class='ocr_line' id='line_1_20' title="bbox 423 3771 1320 3866; baseline -0.003 -20"><span class='ocrx_word' id='word_1_115' title='bbox 423 3773 560 3847; x_wconf 83' lang='lat' dir='ltr'>Littore</span> <span class='ocrx_word' id='word_1_116' title='bbox 584 3772 622 3846; x_wconf 91' lang='lat' dir='ltr'>in</span> <span class='ocrx_word' id='word_1_117' title='bbox 647 3771 807 3846; x_wconf 81' lang='lat' dir='ltr'>inmenso</span> <span class='ocrx_word' id='word_1_118' title='bbox 830 3771 958 3847; x_wconf 85' lang='lat' dir='ltr'>flebilis</span> <span class='ocrx_word' id='word_1_119' title='bbox 983 3773 1104 3847; x_wconf 81' lang='lat' dir='ltr'>umbre</span> <span class='ocrx_word' id='word_1_120' title='bbox 1129 3772 1233 3866; x_wconf 78' lang='lat' dir='ltr'>jacet.</span> <span class='ocrx_word' id='word_1_121' title='bbox 1319 3853 1320 3856; x_wconf 8' lang='grc' dir='ltr'><strong>Ἴ</strong></span> 
     </span>
    </p>
   </div>
   <div class='ocr_carea' id='block_1_9' title="bbox 618 4016 1172 4134">
    <p class='ocr_par' dir='ltr' id='par_1_15' title="bbox 618 4016 1172 4134">
     <span class='ocr_line' id='line_1_21' title="bbox 618 4016 1172 4134; baseline 0.005 -30"><span class='ocrx_word' id='word_1_122' title='bbox 618 4016 621 4022; x_wconf 72' lang='grc'><strong>’</strong></span> <span class='ocrx_word' id='word_1_123' title='bbox 740 4027 1172 4134; x_wconf 35' lang='lat' dir='ltr'>L5D1onouu</span> 
     </span>
    </p>
   </div>
   <div class='ocr_carea' id='block_1_10' title="bbox 277 4283 1350 5013">
    <p class='ocr_par' dir='ltr' id='par_1_16' title="bbox 375 4283 1329 4384">
     <span class='ocr_line' id='line_1_22' title="bbox 375 4283 1329 4384; baseline 0.002 -24"><span class='ocrx_word' id='word_1_124' title='bbox 375 4283 480 4383; x_wconf 87' lang='lat' dir='ltr'>Quod</span> <span class='ocrx_word' id='word_1_125' title='bbox 496 4285 584 4382; x_wconf 86' lang='lat' dir='ltr'>legis</span> <span class='ocrx_word' id='word_1_126' title='bbox 601 4287 671 4360; x_wconf 91' lang='lat' dir='ltr'>hoc</span> <span class='ocrx_word' id='word_1_127' title='bbox 690 4287 776 4360; x_wconf 84' lang='lat' dir='ltr'>forti</span> <span class='ocrx_word' id='word_1_128' title='bbox 792 4287 948 4382; x_wconf 88' lang='lat' dir='ltr'>populus</span> <span class='ocrx_word' id='word_1_129' title='bbox 966 4285 1168 4384; x_wconf 83' lang='lat' dir='ltr'>conscripfit</span> <span class='ocrx_word' id='word_1_130' title='bbox 1183 4287 1329 4363; x_wconf 82' lang='lat' dir='ltr'>Achaeo</span> 
     </span>
    </p>

    <p class='ocr_par' dir='ltr' id='par_1_17' title="bbox 277 4409 1283 4520">
     <span class='ocr_line' id='line_1_23' title="bbox 277 4409 1283 4520; baseline 0.007 -37"><span class='ocrx_word' id='word_1_131' title='bbox 277 4500 284 4508; x_wconf 23' lang='lat'>=</span> <span class='ocrx_word' id='word_1_132' title='bbox 426 4409 576 4486; x_wconf 77' lang='lat' dir='ltr'>Carmen</span> <span class='ocrx_word' id='word_1_133' title='bbox 589 4465 611 4520; x_wconf 26' lang='grc' dir='ltr'>,Ι</span> <span class='ocrx_word' id='word_1_134' title='bbox 626 4411 670 4484; x_wconf 86' lang='lat' dir='ltr'>ad</span> <span class='ocrx_word' id='word_1_135' title='bbox 689 4413 860 4487; x_wconf 86' lang='lat' dir='ltr'>Ascaniae</span> <span class='ocrx_word' id='word_1_136' title='bbox 876 4417 957 4512; x_wconf 83' lang='lat' dir='ltr'>juge</span> <span class='ocrx_word' id='word_1_137' title='bbox 974 4413 1146 4491; x_wconf 84' lang='lat' dir='ltr'>madentis</span> <span class='ocrx_word' id='word_1_138' title='bbox 1162 4434 1283 4513; x_wconf 82' lang='lat' dir='ltr'>aquas.</span> 
     </span>
    </p>

    <p class='ocr_par' dir='ltr' id='par_1_18' title="bbox 375 4535 1350 4760">
     <span class='ocr_line' id='line_1_24' title="bbox 375 4535 1350 4632; baseline 0 -20"><span class='ocrx_word' id='word_1_139' title='bbox 375 4537 472 4612; x_wconf 90' lang='lat' dir='ltr'>Huic</span> <span class='ocrx_word' id='word_1_140' title='bbox 495 4538 628 4611; x_wconf 82' lang='lat' dir='ltr'>Nicaea</span> <span class='ocrx_word' id='word_1_141' title='bbox 646 4539 706 4612; x_wconf 90' lang='lat' dir='ltr'>diu</span> <span class='ocrx_word' id='word_1_142' title='bbox 725 4540 922 4632; x_wconf 85' lang='lat' dir='ltr'>lachrymas</span> <span class='ocrx_word' id='word_1_143' title='bbox 938 4541 1059 4614; x_wconf 75' lang='lat' dir='ltr'>dedite</span> <span class='ocrx_word' id='word_1_144' title='bbox 1084 4543 1136 4613; x_wconf 83' lang='lat' dir='ltr'>At</span> <span class='ocrx_word' id='word_1_145' title='bbox 1156 4535 1350 4614; x_wconf 88' lang='lat' dir='ltr'>Diomedes</span> 
     </span>
     <span class='ocr_line' id='line_1_25' title="bbox 424 4663 1145 4760; baseline 0 -24"><span class='ocrx_word' id='word_1_146' title='bbox 424 4663 606 4760; x_wconf 80' lang='lat' dir='ltr'>Apposuit</span> <span class='ocrx_word' id='word_1_147' title='bbox 621 4663 724 4738; x_wconf 86' lang='lat' dir='ltr'>busto</span> <span class='ocrx_word' id='word_1_148' title='bbox 740 4667 909 4739; x_wconf 72' lang='lat' dir='ltr'>mandore</span> <span class='ocrx_word' id='word_1_149' title='bbox 925 4666 1016 4739; x_wconf 82' lang='lat' dir='ltr'>celsa</span> <span class='ocrx_word' id='word_1_150' title='bbox 1033 4679 1145 4758; x_wconf 86' lang='lat' dir='ltr'>pater.</span> 
     </span>
    </p>

    <p class='ocr_par' dir='ltr' id='par_1_19' title="bbox 379 4785 1313 5013">
     <span class='ocr_line' id='line_1_26' title="bbox 379 4785 1313 4898; baseline 0.006 -40"><span class='ocrx_word' id='word_1_151' title='bbox 379 4785 541 4863; x_wconf 87' lang='lat' dir='ltr'>Ostentat</span> <span class='ocrx_word' id='word_1_152' title='bbox 558 4790 642 4874; x_wconf 85' lang='lat' dir='ltr'>dum</span> <span class='ocrx_word' id='word_1_153' title='bbox 658 4792 693 4866; x_wconf 87' lang='lat' dir='ltr'>ie</span> <span class='ocrx_word' id='word_1_154' title='bbox 712 4789 817 4866; x_wconf 87' lang='lat' dir='ltr'>dolor</span> <span class='ocrx_word' id='word_1_155' title='bbox 832 4790 1055 4880; x_wconf 88' lang='lat' dir='ltr'>ambitiosus,</span> <span class='ocrx_word' id='word_1_156' title='bbox 1082 4789 1214 4898; x_wconf 55' lang='lat' dir='ltr'>desisti,</span> <span class='ocrx_word' id='word_1_157' title='bbox 1310 4881 1313 4890; x_wconf 34' lang='grc'><strong>,</strong></span> 
     </span>
     <span class='ocr_line' id='line_1_27' title="bbox 425 4913 1123 5013; baseline 0.01 -27"><span class='ocrx_word' id='word_1_158' title='bbox 425 4913 499 5012; x_wconf 87' lang='lat' dir='ltr'>Qui</span> <span class='ocrx_word' id='word_1_159' title='bbox 516 4916 645 5010; x_wconf 86' lang='lat' dir='ltr'>periit,</span> <span class='ocrx_word' id='word_1_160' title='bbox 670 4930 754 4992; x_wconf 77' lang='lat' dir='ltr'>usto</span> <span class='ocrx_word' id='word_1_161' title='bbox 773 4917 809 4990; x_wconf 86' lang='lat' dir='ltr'>se</span> <span class='ocrx_word' id='word_1_162' title='bbox 825 4933 929 5013; x_wconf 79' lang='lat' dir='ltr'>putet</span> <span class='ocrx_word' id='word_1_163' title='bbox 946 4917 1009 4993; x_wconf 85' lang='lat' dir='ltr'>ista</span> <span class='ocrx_word' id='word_1_164' title='bbox 1027 4915 1123 4993; x_wconf 84' lang='lat' dir='ltr'>dure.</span> 
     </span>
    </p>
   </div>
   <div class='ocr_carea' id='block_1_11' title="bbox 170 5027 1037 5118">
    <p class='ocr_par' dir='ltr' id='par_1_20' title="bbox 170 5027 1037 5118">
     <span class='ocr_line' id='line_1_28' title="bbox 170 5027 1037 5118; baseline 0.005 -4"><span class='ocrx_word' id='word_1_165' title='bbox 170 5027 174 5032; x_wconf 63' lang='grc'><em>“</em></span> <span class='ocrx_word' id='word_1_166' title='bbox 327 5037 456 5116; x_wconf 81' lang='lat' dir='ltr'>Tou.</span> <span class='ocrx_word' id='word_1_167' title='bbox 482 5039 529 5114; x_wconf 88' lang='grc' dir='ltr'>ΙΙ.</span> <span class='ocrx_word' id='word_1_168' title='bbox 1001 5042 1037 5118; x_wconf 87' lang='grc' dir='ltr'><strong>Κ</strong></span> 
     </span>
    </p>
   </div>
   <div class='ocr_carea' id='block_1_12' title="bbox 1572 553 1705 632">
    <p class='ocr_par' dir='ltr' id='par_1_21' title="bbox 1572 553 1705 632">
     <span class='ocr_line' id='line_1_29' title="bbox 1572 553 1705 632; baseline 0.045 -6"><span class='ocrx_word' id='word_1_169' title='bbox 1572 553 1705 632; x_wconf 72' lang='grc'>73’</span> 
     </span>
    </p>
   </div>
   <div class='ocr_carea' id='block_1_13' title="bbox 0 0 2308 6000">
    <p class='ocr_par' dir='ltr' id='par_1_22' title="bbox 0 0 2308 6000">
     <span class='ocr_line' id='line_1_30' title="bbox 0 0 2308 6000; baseline 0 4"><span class='ocrx_word' id='word_1_170' title='bbox 0 0 2308 6000; x_wconf 95' lang='lat' dir='ltr'> </span> 
     </span>
    </p>
   </div>
  </div>
 </body>
</html>
