4606 6000
612 545 861 638 LIBER
913 551 1309 636 TERTIUS,
1512 555 1631 658 ‘77

381 779 522 856 Morbis
546 797 590 852 un
615 778 714 854 senio
738 778 819 856 finis
842 776 932 852 tibi?
956 777 1081 873 sponte
1105 778 1246 884 receffi·

431 907 464 980 E
489 904 561 980 vita
586 919 726 998 potans.
750 901 814 976 scis
838 917 928 995 puto
954 925 1046 998 quos
1071 906 1208 980 calices.

380 1037 529 1134 Jamque
555 1029 691 1105 senex?
719 1027 831 1102 valde·
855 1028 961 1102 tellus
987 1031 1079 1104 bona
1106 1031 1147 1106 srt
1170 1032 1266 1122 tibi3.
1291 1029 1435 1127 dignun

293 1171 301 1176 '
430 1157 585 1234 Surusrstl
612 1154 682 1228 vita
705 1151 941 1248 qui‘sapiente
964 1173 1099 1229 necem.

682 1413 1222 1522 LVLLnonronm

382 1703 513 1792 Unde,
537 1701 613 1797 quis
637 1721 697 1788 es,
725 1701 823 1793 cujus
848 1698 987 1790 miseri,
1012 1721 1082 1800 qua
1106 1675 1177 1777 sert
1202 1706 1293 1797 iter,
1320 1710 1391 1782 olla

430 1835 525 1904 Ante
550 1828 675 1900 oculos
698 1844 778 1898 arca
803 1825 1028 1919 semipatente
1050 1807 1197 1924 jacent?

376 1955 472 2032 Dum
497 1952 600 2026 nimis
624 1951 821 2045 expositum
847 1952 1009 2045 plaustris
1033 1955 1224 2052 rhedisque
1250 1953 1475 2050 sepulchrum
1562 1943 1565 1949 ’

424 2079 624 2167 Atteritur,
650 2080 784 2170 semper
808 2093 1056 2172 praetereunte
1080 2095 1181 2171 rota,

378 2210 454 2306 Jam
479 2205 620 2291 veniet,
648 2202 863 2291 miserande,
889 2221 990 2277 tuum
1015 2207 1078 2300 qui
1103 2221 1264 2280 conterat
1288 2206 1391 2298 axis,

421 2331 576 2406 Neminc
601 2327 880 2420 vellechrymas
904 2321 1171 2421 contribuente,
1191 2331 1298 2404 latus.
1448 2348 1453 2355 ·
1487 2337 1489 2344 ’

587 2613 703 2692 LVI.
755 2617 1308 2697 Turonosrnnrt.

375 2877 504 2952 Saxeus
530 2875 625 2949 orbis
650 2891 767 2964 eran,
794 2873 934 2948 minima
958 2849 1026 2954 nec
1048 2883 1147 2970 perte
1172 2875 1356 2968 rmnunrs,

392 3001 491 3076 'llic
518 3001 689 3074 Heracliti
714 3021 794 3074 cum
814 3001 974 3100 posuere
999 3017 1121 3096 caput.
1152 3025 1163 3072 t
1232 3057 1239 3085 .,
1273 3023 1284 3070 ·.

373 3128 425 3201 At
450 3146 546 3201 nunc
570 3125 721 3200 littoreis
747 3123 963 3198 surn'tritior
990 3145 1074 3198 ecce
1099 3125 1253 3218 lapillis,

420 3253 566 3349 Quippe
588 3246 787 3341 juventutis
813 3267 869 3318 me
892 3266 972 3321 rota
997 3249 1104 3320 multa
1128 3248 1268 3342 premit.

372 3378 508 3470 Cippus
531 3373 638 3448 abest.
665 3370 797 3467 aliquid
824 3391 955 3454 moneo
978 3389 1093 3446 tamen
1117 3373 1227 3460 utile,
1252 3391 1399 3464 prome

418 3503 512 3576 Nam
536 3499 720 3616 loquitur,
741 3497 915 3601 populum
939 3496 999 3591 qui
1023 3497 1152 3592 latrat,¹
1176 3495 1240 3570 ist'e
1266 3497 1374 3572 tanis.
1457 3505 1462 3513 “
1500 3519 1529 3580 ,·,,

655 3708 1300 3895 ΗΙΙΪᾸΜΜΜΕ.1
1380 3819 1389 3840 s

367 4049 454 4121 Non
479 4044 563 4138 lapis
588 4041 795 4116 incumbens
822 4055 987 4130 tantum,
1013 4041 1072 4114 sed
1096 4041 1134 4120 ,δι
1158 4043 1228 4116 ossa
1252 4039 1368 4115 soluta

415 4171 507 4244 Sunt
531 4169 640 4257 mihi,
666 4187 854 4263 compages
878 4167 1034 4261 undique
1060 4165 1200 4245 diffiliit.

365 4295 578 4398 Aspicienda
602 4305 725 4386 patent
749 4291 886 4366 nudato
908 4311 1007 4366 crura
1030 4291 1244 4384 sepulchror

414 4395 641 4513 Compositos
659 4433 751 4490 terra
767 4415 855 4510 quid
869 4415 970 4510 juvat
985 4437 1077 4512 ergo
1094 4416 1194 4514 tegi?

365 4545 458 4620 Nam
483 4565 630 4637 pronam
657 4544 799 4616 secuere
827 4538 916 4613 viam
942 4542 1113 4637 vestigia,
1141 4561 1326 4636 nunquam

411 4669 595 4744 Cesserunt
620 4667 724 4764 supra
749 4674 840 4762 quae
866 4673 975 4758 capu't
997 4665 1049 4736 ire
1073 4685 1203 4740 meum.

358 4797 447 4885 Per,
472 4815 587 4890 rogo,
615 4787 855 4878 Mercurium,
882 4787 1097 4887 Ditemque,
1124 4789 1161 4863 &
1188 4811 1296 4890 regna
1320 4789 1518 4889 profundae

244 4943 250 4961 ’
405 4915 556 5011 Noeris,
580 4915 735 5006 abhas,
759 4915 886 5012 aliquis
909 4915 936 4988 fi
960 4913 1102 5008 pudor,
1128 4916 1178 4991 ite
1202 4916 1271 4993 via.

921 5037 1003 5136 Ka
1338 5107 1340 5112 s
1446 5039 1689 5140 evile„
