4790 6008
1192 433 1433 578 *W

670 739 821 810 attente
853 723 1061 834 consideret
1090 711 1149 809 it
1165 715 1277 808 auide
1310 717 1495 832 exspectet
1513 786 1524 822 ‚
1543 723 1640 808 'rix'
1663 747 1746 807 uno·
1780 723 1951 814 alterare
1978 733 2038 818 in-

670 853 819 938 uento,
871 839 1011 946 quibus
1067 839 1161 920 baec
1199 831 1411 942 diligenter
1445 836 1704 918 examinandi
1744 835 1792 922 θ
1818 843 1915 925 bene
1943 860 2038 953 per.

661 951 863 1060 pendendi
896 952 1016 1034 otium
1044 947 1268 1058 suppeditet
1307 971 1427 1056 neque
1466 948 1743 1031 noartm'nec
1762 947 1937 1056 studium
1974 957 2038 1042 dt·
2125 987 2132 1000 ¹

651 1057 750 1171 stat.
999 1071 1001 1075 ’
1548 1153 1552 1156 ,

724 1172 873 1264 Nobis,
904 1174 976 1282 qui
991 1185 1161 1285 propter
1178 1169 1302 1274 illud,
1330 1189 1402 1280 quo
1416 1169 1650 1280 fungimur,
1680 1195 1874 1258 munuca
1900 1199 2036 1256 return

658 1283 917 1397 publicarum
945 1281 1265 1394 contemplatione
1289 1283 1338 1368 δι’
1360 1288 1532 1392 quadam
1558 1283 1897 1390 administratione
1912 1285 2037 1368 alieni

650 1391 737 1614 γ
757 1419 834 1478 non
862 1399 1062 1498 debemus,
1099 1421 1177 1479 non
1205 1419 1405 1504 nunquam
1434 1414 1569 1480 tamen
1594 1398 1760 1504 contigit
1785 1393 1932 1500 bonosio
1958 1397 2035 1478 otio

686 1508 771 1593 cni.
806 1531 878 1613 quo
897 1511 948 1592 ab
974 1533 1111 1592 earnm
1129 1533 1264 1590 rerum
1284 1510 1536 1613 cogitatione,
1566 1532 1664 1615 quas
1685 1531 1807 1614 neque
1823 1508 1954 1610 nidere
1972 1532 2037 1589 cu·
2059 1601 2062 1608 .
2196 1583 2204 1590 .

657 1617 887 1730 piebamuc,
919 1647 1040 1730 neque
1056 1620 1198 1728 quibus
1217 1644 1286 1702 nos
1303 1615 1478 1727 interesse
1499 1621 1681 1710 decebat,
1711 1643 1977 1702 auocarcmnr.

727 1729 850 1811 Omne
876 1731 980 1838 illud
990 1747 1139 1842 tempus
1156 1730 1424 1838 consumstmuc
1443 1733 1485 1812 in
1515 1735 1694 1814 Gnocu
1723 1730 1874 1836 ingenii
1885 1728 2052 1836 sentilla

667 1855 750 1922 tate
779 1841 825 1926 ὅθ’
854 1841 1080 1948 elegantia,
1117 1841 1260 1949 quibus
1284 1841 1372 1952 ipsc
1400 1843 1567 1925 Graecis
1588 1841 1836 1939 aniloribuc,
1869 1866 2039 1948 qnorum

668 1949 800 2058 acestes
826 1951 950 2035 latine
978 1955 1174 2040 reddidit,
1206 1953 1363 2063 semper
1386 1951 1572 2063 pares,
1611 1947 1774 2060 saepius
1808 1949 2036 2055 antecellit,

667 2061 925 2168 cognoscenda
944 2081 1061 2171 atquc
1087 2065 1338 2144 admiranda.

653 2225 657 2234 ·
718 2169 803 2254 ⁴Hic
823 2199 901 2257 non
920 2172 1003 2284 s'ne
1013 2173 1171 2283 summa
1187 2171 1316 2254 animi
1336 2162 1530 2282 uoluptate
1546 2172 1737 2273 uidimus,
1767 2169 1955 2277 illustrem
1974 2174 2036 2256 in·

651 2297 896 2394 'terpretem‚
926 2287 1076 2393 quoties
1095 2283 1203 2366 illea
1223 2283 1411 2384 Graecis,
1434 2282 1511 2390 siae
1521 2299 1689 2391 propter
1721 2284 1955 2390 depredatae
1980 2281 2036 2366 lo·

649 2396 800 2478 'ilionis'
819 2391 1110 2504 difficultatem,
1132 2393 1209 2502 fine
1257 2391 1537 2503 roptersensns
1557 2391 1857 2498 obscuritatem,
1888 2392 2036 2502 paulu·

661 2503 744 2586 lum
770 2505 963 2617 desedere
980 2507 1139 2589 ‘conclus
1164 2411 1277 2617 effi,
1322 2505 1436 2588 toties
1462 2525 1601 2586 nouum
1626 2518 1811 2586 ornatum
1835 2502 1882 2590 ἐτ’
1903 2503 2035 2590 lumen
2092 2540 2096 2548 ·

651 2611 964 2726 ·Epigrammati
991 2612 1179 2726 affltdr'se.

648 2757 668 2834 '.
717 2723 844 2837 Quod
858 2745 904 2812 nt
920 2730 984 2811 bic
1001 2727 1186 2838 exemplis
1205 2723 1509 2834 demonstretur,
1538 2727 1678 2856 neccsse
1697 2751 1775 2813 non
1804 2723 1866 2834 esl.
1923 2729 2035 2812 Satio

650 2836 800 2947 ampla·
811 2841 857 2921 de
874 2841 1001 2922 bacrc
1011 2835 1240 2950 disputandi
1256 2841 1420 2922 dabitur
1437 2839 1609 2923 materia
1628 2865 1675 2921 ren
1685 2839 2031 2939 adnotationibut,

660 2971 761 3059 quas
778 2947 825 3034 &⁹
838 2953 897 3035 ad
908 2953 1139 3036 uarietatem
1158 2950 1329 3035 lectionis
1347 2951 1624 3052 indicandam,
1651 2973 1784 3034 utrum
1808 2943 2034 3054 constituere

659 3061 774 3155 dam,
804 3058 852 3145 δ’
865 3065 1070 3146 uerborum
1088 3059 1365 3172 obscuritatem
1381 3061 1593 3144 tollendum
1603 3061 1695 3166 jam
1708 3081 1854 3164 magna
1873 3077 2034 3170 cupar-

659 3184 699 3252 tc
715 3169 931 3282 descriptas
947 3175 1006 3256 ad
1016 3175 1224 3256 editionem
1246 3170 1533 3254 llsecbelianam
1549 3170 1757 3271 babemus,
1788 3168 1918 3278 &suo
1938 3187 2033 3253 tem·

651 3295 752 3390 -po're
771 3285 920 3364 eruditi
937 3283 1090 3365 lectoris
1099 3284 1255 3386 judicio
1265 3281 1534 3388 subjiciemus.
1720 3286 1722 3294 ‘
1962 3373 1964 3382 ,

716 3391 836 3472 Nibil
860 3393 986 3491 enim,
1025 3393 1129 3496 qnod
1147 3393 1205 3474 ad
1228 3391 1425 3474 Gooon
1457 3393 1625 3474 uirtutes
1648 3391 1924 3497 intelligendas
1946 3417 2035 3474 con

658 3503 799 3585 ducere
807 3497 942 3609 possit,
970 3500 1035 3582 bic
1050 3501 1584 3610 praetermittendumputo.
1622 3521 1702 3605 qua
1731 3500 1775 3582 im
1798 3525 1845 3582 re
1869 3503 1938 3584 bec
1964 3502 2034 3584 ba·
2171 3525 2176 3534 ’

657 3609 725 3694 beo
743 3613 850 3718 quod
861 3610 1061 3717 obstruent.
1389 3637 1405 3686 z
1497 3675 1501 3688 .

716 3723 763 3805 Si
793 3745 872 3830 qua
899 3723 1041 3804 mentis
1075 3718 1279 3837 solestia,
1314 3719 1472 3825 ingenii
1501 3722 1693 3823 ubertas,
1742 3724 1876 3806 animi
1908 3723 2032 3806 mode·

657 3835 765 3916 ratio
814 3831 861 3918 (α’
885 3832 1044 3942 summa
1086 3831 1321 3914 cruditionis
1367 3831 1480 3938 copia
1514 3832 1558 3925 in
1598 3831 1676 3916 ullo
1721 3859 1894 3940 unquam
1930 3859 2037 3916 mor·-

555 4006 561 4020 ,
656 3944 776 4046 tali,
817 3962 956 4049 carta,
1012 3941 1338 4048 consentientibus
1372 3941 1585 4046 omnibns,
1639 3941 1682 4028 in
1726 3943 1898 4029 Eracmo
1943 3940 2032 4050 fue·

654 4071 764 4138 runt.
821 4055 883 4138 At
905 4058 997 4138 baec
1026 4055 1156 4136 omnia
1187 4053 1230 4135 in
1266 4056 1468 4137 Gno‘roo
1504 4069 1622 4136 erant
1646 4071 1786 4150 tantu,
1816 4074 1863 4138 ut
1899 4058 1944 4138 in
1970 4057 2034 4136 ba·

655 4167 761 4247 mine
775 4165 930 4270 masona
947 4169 1014 4250 uix
1034 4166 1164 4247 animo
1181 4166 1379 4274 concipere
1388 4159 1582 4274 pofflmus.
1642 4165 1803 4276 Quippe
1828 4168 1942 4270 cujus
1968 4165 2033 4246 lit·

654 4292 835 4359 terarum
862 4273 996 4382 sludia
1022 4276 1140 4358 etiam
1169 4277 1321 4359 eximia
1343 4274 1497 4387 poiseot
1518 4272 1722 4384 facultate
1760 4276 1807 4362 δ’
1832 4274 2037 4385 βαςαίαή
2080 4307 2084 4314 ·

645 4388 787 4496 gratia
802 4389 1062 4474 ornabantur.
1103 4476 1105 4481 ,

710 4500 847 4582 Natus
863 4501 919 4580 ad
936 4526 1045 4584 omne
1062 4497 1181 4596 illud,
1202 4501 1307 4607 quod
1306 4497 1432 4604 semel
1438 4495 1683 4611 fitscepisset,
1701 4499 2029 4604 reliengendum,

651 4631 773 4719 aeque
798 4635 938 4691 rerum
965 4607 1257 4716 domesticarum
1284 4635 1405 4710 cura,
1445 4636 1567 4718 neque
1582 4607 1769 4715 stemmis‘
1784 4608 2028 4806 tgpublt'tat

650 4719 834 4837 negotiis,
869 4726 1012 4829 quibus
1033 4717 1239 4832 interfuit,
1254 4721 1299 4813 ὅθ’
1310 4747 1480 4833 quarunt
1495 4719 1781 4836 ulciffltudla'at
1865 4717 2031 4818 calani?
