4790 6008
892 564 1089 665 (¹³1)

325 823 615 954 quamprimum
605 818 863 1037 fiperoenerit
881 819 939 900 od
956 841 1041 918 me,
1064 815 1111 897 de
1130 807 1196 895 illo
1214 793 1398 917 statuam.
1429 804 1587 892 Interea
1608 829 1692 893 non·

326 939 447 1022 armis
477 933 613 1040 magni
642 959 682 1015 ce
704 937 750 1014 de
780 956 820 1012 eo
835 928 1085 1037 sentiendum
1099 939 1224 1035 puto‚·
1256 921 1400 1028 Gnyeti
1421 922 1686 1032 apographum
1828 929 1830 934 “

314 1047 538 1130 multorum
568 1045 814 1126 eruditorum
848 1040 1031 1123 monibus
1048 1031 1166 1144 furffe
1194 1035 1434 1134 traliatum,
1474 1035 1573 1114 reile
1601 1031 1688 1112 ani·

324 1159 538 1242 maduertit
577 1153 834 1254 Brunclelus,
875 1147 923 1234 &⁹
959 1147 1068 1254 istius
1106 1147 1237 1228 minus
1276 1145 1424 1249 integri
1443 1143 1583 1254 plures
1611 1143 1689 1224 oin·

324 1266 518 1374 eumferri
538 1265 836 1375 descriptiones,
872 1287 932 1344 me
953 1259 1045 1366 usus
1066 1258 1212 1341 docuit..

384 1385 496 1464 lnter
512 1378 595 1462 alio
616 1377 791 1486 apndme
812 1375 931 1459 etium
954 1369 1153 1480 exemplar
1171 1365 1220 1468 esi
1233 1366 1492 1472 Aottotogtee
1517 1366 1688 1450 ineditae

319 1515 413 1574 oum
440 1489 577 1572 multis
610 1488 753 1594 Guyeti
771 1482 1165 1590 animaduerfionibns
1183 1477 1229 1563 ὃ)
1245 1478 1359 1589 ipstus
1378 1505 1521 1576 manu,
1551 1479 1595 1560 ni
1607 1475 1690 1584 fol·

328 1602 414 1703 lor,
436 1599 698 1708 descriptum
727 1600 830 1706 quod
849 1596 939 1679 olim
952 1592 1039 1701 fuit
1059 1591 1256 1703 Joltonnls
1280 1591 1455 1674 Cornelii
1474 1594 1520 1673 de
1540 1589 1687 1704 Patent,¹

328 1713 398 1818 qni
418 1710 522 1792 illud
534 1709 623 1815 suis
650 1703 1033 1792 adnotationibus&
1064 1702 1393 1809 obseruationibus
1417 1703 1510 1784 odeo
1537 1697 1691 1806 referstt

330 1822 376 1906 id
399 1821 583 1932 oppleuit,
612 1835 660 1900 nt
677 1820 719 1900 in
731 1815 857 1925 longis
869 1814 915 1903 sd
923 1816 994 1924 fut
1006 1816 1132 1921 lorgis
1144 1811 1258 1926 fhlils
1278 1815 1343 1897 uix
1355 1812 1460 1895 locus
1472 1809 1691 1922 appareat,·

328 1959 400 2041 quo
424 1956 583 2012 manum
601 1931 788 2042 imponas.
809 1933 920 2013 debeo
941 1929 987 2010 id
1006 1924 1287 2010 beneuolentiae
1308 1924 1449 2008 ueteris
1472 1924 1549 2006 mei
1571 1919 1692 2034 amisi

331 2043 518 2152 Gpslerti
560 2043 752 2152 Stapert,
789 2037 1078 2151 Jnrisconsnlti
1117 2039 1191 2116 nat
1225 2035 1268 2116 in
1299 2037 1397 2118 urie
1429 2034 1529 2118 dolii
1553 2031 1599 2117 id
1630 2032 1691 2114 in·-

331 2155 460 2259 tegri‚
489 2151 567 2258 sed
587 2154 630 2233 in
655 2150 732 2262 ipso
757 2151 943 2261 temporis
972 2144 1167 2249 articulo,
1196 2170 1269 2254 quo
1305 2147 1398 2230 laec
1420 2141 1580 2252 scribo,
1619 2143 1693 2226 im·

332 2282 493 2348 maturo
517 2279 641 2344 morte
666 2259 854 2351 eatinus.

387 2373 459 2458 Me
492 2374 624 2479 itaque
646 2397 723 2458 non
750 2375 979 2482 inparatum
1006 2369 1138 2456 uenire
1165 2369 1362 2473 intelligis
1395 2369 1458 2451 od
1475 2391 1553 2470 ea,
1593 2388 1692 2474 quae

331 2489 392 2570 ita
436 2485 659 2583 dicuntur,
709 2483 860 2567 inedita
901 2485 1186 2594 epigrammata
1220 2479 1462 2564 emendanda
1503 2477 1551 2564 ld
1590 2477 1693 2561 locu

322 2596 549 2709 pletundo;
579 2593 677 2700 sed,
706 2617 805 2701 quoe
835 2611 907 2676 tua
936 2591 987 2700 est
1016 2593 1061 2674 in
1092 2592 1155 2675 lois
1183 2593 1302 2675 rebus
1326 2589 1478 2694 ingenii
1494 2587 1693 2696 solertia,

330 2706 391 2793 uel
416 2731 477 2788 me
508 2729 585 2788 non
607 2721 783 2788 monente
812 2705 932 2788 etium
956 2699 1184 2814 perspicis,
1229 2724 1348 2812 quom
1374 2723 1520 2806 magna
1553 2701 1693 2782 lorum

328 2816 569 2900 ineditorum
601 2816 741 2924 topia,
780 2813 1021 2914 aLeicltio‚
1056 2811 1246 2917 Reisleio‚
1287 2811 1495 2896 Brunckio
1525 2807 1572 2895 fil
1599 2809 1694 2894 aliis

327 2928 429 3014 uiris
462 2927 580 3010 doliis
609 2923 747 3034 paffim
781 2927 923 3034 ubique
961 2925 1190 3031 editorum,
1251 2921 1298 3009 δι’
1333 2941 1472 3004 nornen
1498 2921 1618 3030 fitnm
1647 2915 1694 3005 δ’

332 3061 479 3122 ornnem
507 3037 695 3122 nouitatis
723 3037 1091 3121 commendationem
1119 3034 1325 3140 emesena,
1365 3033 1533 3116 adeant
1557 3050 1697 3144 ponsa,

330 3149 538 3232 admodum
568 3144 734 3252 restent,
763 3171 863 3254 quoe
883 3147 948 3228 tie
976 3143 1101 3228 locum
1119 3143 1240 3252 suum
1266 3145 1374 3228 tueri
1390 3141 1555 3252 pofflnt,
1592 3138 1704 3249 quod

331 3283 400 3364 ego
428 3284 505 3340 non
530 3259 749 3359 eonjeliura
766 3259 935 3364 quodam
957 3273 1103 3336 temere
1123 3254 1334 3364 impulstts,
1352 3251 1432 3360 sed
1449 3251 1534 3362 ipsu
1556 3278 1694 3338 rerum

330 3367 575 3476 experientia
598 3367 747 3466 dolius,
793 3367 874 3448 atis
888 3363 1082 3474 superque
1103 3365 1238 3447 didici.

384 3475 503 3586 ,Quid
516 3491 646 3556 autem
665 3477 712 3560 de
732 3479 747 3556 i
777 3478 813 3558 is
833 3476 994 3561 ineditis
1006 3471 1194 3582 futurum
1206 3473 1284 3582 stt,
1311 3498 1365 3555 ne
1376 3497 1437 3556 me
1453 3473 1696 3578 interroges,

332 3590 392 3672 tir
412 3584 642 3694 omlelfflmel
667 3585 850 3668 Primum
868 3587 997 3667 omnia
1021 3581 1115 3688 esta,
1143 3603 1189 3668 ut
1215 3584 1331 3684 dixi,
1359 3585 1435 3693 ssue
1459 3586 1586 3685 edita,
1617 3583 1696 3690 stra

332 3699 500 3782 nondum
519 3698 645 3796 edita,
662 3695 850 3801 abfitluom
869 3697 1172 3806 epr'gratttmotn,¹
1191 3721 1290 3802 quoe
1307 3697 1450 3782 Hosto
1468 3698 1694 3780 Gnosius

331 3810 452 3892 latine
469 3809 663 3908 reddidit,
693 3809 736 3888 ln
754 3809 875 3912 iisqne
893 3807 1115 3912 evulgandis
1134 3807 1446 3890 illam-leliionem
1456 3803 1619 3914 sertore
1634 3829 1696 3888 co·

332 3923 476 4022 nabor,
504 3942 618 4025 qnam
634 3919 761 4000 uirum
768 3917 965 4025 stamnum
975 3913 1150 4028 proluffe
1165 3916 1329 4021 cognomi,
1387 3917 1572 4000 Omnium
1590 3918 1700 4001 enim·

333 4027 490 4135 ustorum
516 4032 709 4130 uirorum,
737 4032 807 4136 qui
852 4031 913 4112 nis
938 4029 1142 4132 indulgent
1159 4029 1397 4136 opinionibus
1415 4027 1462 4112 &⁹
1476 4029 1697 4136 nobisstra,.

331 4167 408 4226 non
433 4141 620 4242 anilonis,
648 4141 808 4223 umloo
838 4156 976 4240 erunt,
1005 4165 1074 4222 neo
1097 4143 1268 4223 rationes
1286 4142 1452 4249 decimo,
1482 4141 1695 4250 necprobo.

333 4252 579 4353 Bruncleius,
598 4275 707 4357 quem
726 4254 901 4362 egregius
909 4251 1134 4334 litterarum
1153 4276 1263 4335 amor
1281 4249 1330 4336 i?
1343 4277 1418 4335 non
1428 4251 1601 4360 uulgaris
1619 4251 1692 4334 lin·

331 4387 435 4467 guae·
461 4362 634 4448 Graecae
651 4362 802 4470 peritia
827 4367 1114 4463 commendant,
1134 4361 1292 4476 saepius
1321 4365 1418 4447 milti
1431 4363 1696 4473 scriptoribus·

334 4475 505 4556 letllones
533 4469 721 4581 obtrufiffe
750 4475 924 4578 uidetur,
953 4499 1051 4581 quae
1076 4477 1177 4558 unde
1192 4473 1392 4586 fhexerim
1418 4472 1465 4559 ld
1493 4501 1571 4583 quo
1583 4476 1699 4580 modo

325 4583 371 4690 fe
397 4603 602 4684 tueantur,
638 4585 813 4668 indicare
829 4587 1010 4690 neglexit.

391 4693 532 4803 Quare
564 4697 688 4798 miror
706 4695 921 4808 Jacobfinm
944 4715 1026 4780 tam
1054 4695 1309 4783 accurate&
1336 4698 1509 4807 religiose
1537 4699 1690 4782 unna

334 4803 439 4890 llum
449 4805 566 4918 filifft
574 4808 775 4918 seculum,
793 4812 861 4918 qni
868 4806 1089 4970 dodiffl'rpus
1105 4812 1190 4914 uir,
1213 4808 1466 4920 deditionem
1475 4807 1666 4898 Aldlnnm
1675 4867 1695 4911 ,.

400 4999 402 5004 ,
1571 4943 1700 5031 quoe„
