4790 6008
625 572 1337 662 ,nronanennrua
1631 591 1685 676 4⁵
1845 544 1852 556 “

647 901 814 982 XLVI.
846 903 1019 977 Arrnrr
1050 903 1354 1008 Qunnnnrr,

582 1062 622 1138 de
639 1062 825 1160 intersertis
843 1063 959 1138 vidore
976 1061 1071 1136 Solea
1091 1057 1228 1159 Consule
1247 1058 1405 1136 Romanor
1503 1083 1505 1088 ’
1540 1013 1582 1068 'h‘

422 1323 527 1422 Quor
551 1318 646 1396 hnec·
664 1337 757 1396 terra
783 1321 893 1418 tegit,
920 1321 1087 1397 Romano
1112 1322 1233 1396 Marte
1257 1319 1371 1416 petiti

466 1447 625 1522 Maxima
648 1447 789 1522 virtutis
812 1449 907 1544 dgna
932 1445 1063 1522 dedere
1088 1447 1184 1525 suae.
1269 1529 1273 1544 ⁸

400 1573 554 1650 -Horum
578 1593 684 1650 nemo
710 1571 802 1661 fnit,
818 1555 889 1672 'qui
915 1586 1017 1670 tergo
1040 1575 1191 1650 vulnera
1214 1573 1352 1674 ferret,

461 1699 595 1776 Omnes
617 1697 740 1776 hostili
759 1697 820 1772 sed
841 1699 979 1795 periere
1002 1695 1105 1776 dolo.
1267 1718 1269 1726 ·

644 1955 1348 2049 XLVH.Srmom1nnn,

884 2117 924 2191 de
949 2115 1107 2192 Leonida.

411 2377 594 2480 Quantum
621 2378 728 2452 vinco
754 2377 848 2454 feras
873 2399 945 2476 ego
972 2377 1127 2467 robore,
1154 2377 1288 2453 vr'cerat
1314 2377 1379 2450 ille

457 2505 615 2598 Tantum
636 2503 822 2593 homines,
847 2503 950 2598 cuius
974 2503 1040 2582 sub
1060 2503 1153 2600 pede
1180 2503 1278 2580 busta
1300 2521 1437 2600 premo.

408 2613 520 2704 Hune
542 2628 719 2704 tumulum
744 2628 878 2702 nollem
900 2629 992 2724 pede
1015 2648 1183 2730 tangere,
1206 2631 1351 2712 nomine
1374 2615 1407 2705 fi'
1423 2645 1489 2703 me·

322 2775 324 2778 ·
452 2755 643 2853 dequaffet
665 2775 741 2832 non
768 2753 807 2830 dt
833 2755 968 2832 viribus
992 2755 1058 2858 {ste
1081 2733 1154 2836 leo.

676 3012 898 3091 XLVIIL
950 3011 1082 3109 EJm
1107 3033 1227 3089 e-mn
1253 3033 1319 3104 Μ,

613 3174 654 3247 de
671 3175 739 3266 iis,
763 3179 818 3266 qui
840 3173 982 3269 Tegeam
1001 3173 1185 3246 liberarant
1205 3172 1355 3247 Graecina

398 3430 538 3506 Horum
563 3429 689 3506 vietuti
710 3426 822 3504 debes
845 3431 1028 3526 Tegeaea,
1055 3427 1155 3524 quod
1180 3429 1277 3504 astra·

384 3605 391 3624 Ι
444 3557 532 3632 Non
557 3555 663 3648 petiit
687 3553 857 3629 scandens
879 3554 999 3628 fumus
1024 3553 1068 3626 ab
1092 3554 1178 3627 urbe
1204 3565 1282 3628 tua.

398 3682 544 3780 Quippe
569 3682 643 3756 frui
666 3680 796 3776 poffint
821 3697 863 3756 ut
884 3681 1045 3755 libertate
1069 3695 1254 3774 nepotes,¹

440 3809 487 3885 In·
507 3809 662 3905 primore
685 3807 760 3882 acie
784 3830 860 3883 non
883 3823 1042 3882 metuere
1065 3805 1176 3881 mord

752 4065 918 4140 XLIX.
967 4065 1048 4145 ΒΔ
1076 4083 1103 4138 a·
1124 4083 1205 4140 aa..

391 4322 507 4421 Quem
531 4323 665 4418 spectas
689 4325 865 4400 tumulum
891 4323 957 4398 sub
982 4323 1140 4400 Phocide
1164 4343 1277 4420 rupe,
1302 4335 1516 4417 trecentos‚.

431 4448 480 4525 Vi
503 4471 657 4546 quorum
681 4449 783 4524 Medi
809 4465 865 4524 tot
888 4453 1053 4545 periere,
1072 4467 1170 4548 tego.

386 4575 596 4652 occubuere
622 4578 749 4670 procul
775 4575 1065 4666 Lacedaemone,
1097 4596 1182 4672 prae
1207 4574 1339 4672 quibus
1363 4573 1476 4651 omnis

432 4702 579 4798 Spartae
606 4701 643 4775 ἃ
668 4701 848 4778 Persarum
871 4704 984 4802 gloria
1009 4701 1137 4778 Martis
1163 4699 1283 4778 hebet.

383 4825 492 4902 Forte
519 4828 660 4902 Ducem
687 4829 849 4926 quaeris?
889 4829 986 4907 Situs
1012 4828 1087 4924 ipse
1113 4827 1274 4904 Leonida
1299 4847 1455 4928 magnus*

431 4953 504 5028 lsto
529 4953 687 5054 defignat
712 4977 818 5056 quem
841 4959 918 5034 fera
940 4957 1040 5034 firlva
1062 4957 1160 5034 loco.

935 5083 966 5160 F
992 5105 1022 5183 3,,
1448 5082 1491 5158 L·
1514 5073 1634 5164 Gne
