4790 6008
1211 497 1386 598 (⁹111
1435 495 1486 597 )'

682 731 853 826 latorum
887 743 1030 826 habere
1062 743 1302 852 domiuum,
1332 735 1464 832 tamen
1491 747 1561 834 hoe
1586 747 1783 834 hominum
1796 773 1920 858 genus
1931 751 2052 863 frugi

684 851 753 964 effi
777 852 920 966 poffet,
943 855 981 964 s
1004 855 1233 938 mitteretur
1254 857 1447 965 Romam,
1476 865 1534 945 nd
1548 878 1735 946 accurate
1755 864 2049 972 describendum

680 981 806 1048 totum
831 969 998 1051 codicem
1021 966 1270 1057 Palatinum.
1312 973 1378 1054 Sic
1397 971 1498 1078 stane
1518 975 1726 1080 haherent,
1756 978 1860 1082 quod
1872 979 2050 1060 admira·

680 1095 858 1180 rentur,
907 1075 954 1161 δέ
988 1104 1061 1189 quo
1099 1077 1193 1163 aliis
1234 1107 1419 1188 maguam
1456 1085 1671 1166 utilitatem
1708 1085 1856 1196 afferre
1873 1085 2046 1282 posent.

680 1188 791 1271 Nam
817 1213 922 1272 nuuc
945 1207 1028 1275 tam
1053 1189 1186 1299 inique
1207 1209 1474 1306 comparatum
1497 1193 1570 1304 esi,
1598 1221 1715 1304 quam
1728 1198 1844 1300 olim,
1901 1199 2047 1284 ereutii

678 1302 936 1413 temporibus;
968 1378 969 1382 a
2032 1363 2039 1374 ·

1316 1417 1354 1503 h·
1381 1423 1449 1528 qui
1475 1423 1606 1505 minus
1625 1424 1792 1527 habent,

957 1521 1013 1608 Ut
1023 1526 1181 1642 semper
1197 1529 1352 1642 aliquid
1363 1536 1514 1618 addant
1533 1535 1793 1641 diritioribuss

676 1741 796 1832 Meae'
824 1748 1016 1858 fortunae
1044 1756 1145 1840 eines
1167 1753 1293 1864 facile
1330 1760 1375 1841 in
1401 1757 1608 1868 publicum
1643 1760 1879 1844 commodum
1917 1757 2046 1868 conse·

676 1875 797 1962 runt,
838 1865 1032 1972 quidquid
1053 1869 1197 1950 habent
1218 1871 1399 1962 eruditae
1419 1867 1695 1980 serpellellilis;
1725 1897 1812 1953 cum
1839 1869 2045 1956 Duces&

676 1966 887 2083 Principes
906 1977 995 2085 suis
1017 1979 1206 2062 incubare
1226 1980 1445 2088 thesauris,
1475 2005 1592 2089 quam
1620 2007 1682 2066 eos
1712 2007 1799 2063 cum
1818 1983 1912 2067 aliis
1945 2008 2044 2078 com

671 2085 877 2168 municare
916 2087 1070 2192 malint.

731 2193 831 2303 Qua
861 2197 904 2279 in
930 2199 1034 2308 rest
1063 2227 1183 2301 erro,
1219 2204 1322 2285 huuc
1355 2228 1530 2285 errorem
1561 2205 1658 2286 mihi
1677 2205 1912 2314 potifflmum
1939 2207 2044 2314 eripi
2112 2309 2115 2316 .

673 2303 806 2388 uellem
839 2311 889 2391 ab
923 2337 963 2392 eo
997 2311 1209 2423 Principe,
1241 2315 1284 2394 in
1313 2315 1428 2416 cujus
1464 2333 1591 2424 nuper
1623 2319 1830 2398 admodum
1852 2316 2042 2421 migrarit

674 2415 807 2499 aulam
834 2425 1132 2531 apographum,
1155 2443 1182 2506 a
1215 2421 1492 2530 laboriofifflmo
1516 2427 1688 2534 Spaletto
1710 2453 1760 2508 ex
1782 2425 1907 2510 co'dice
1921 2425 2043 2508 Pala·

648 2595 655 2612 .
675 2525 758 2612 tino
777 2555 853 2612 nou
872 2530 1129 2641 descriptum,
1151 2533 1227 2640 scd
1240 2535 1448 2644 amouens
1468 2532 1789 2644 Quamprimum
1798 2537 1903 2621 illud
1917 2563 2050 2619 enema

562 2695 567 2709 t
666 2635 767 2746 plur
792 2643 981 2747 socrualis
1005 2646 1291 2755 typographicis
1312 2641 1527 2754 eapreffnm
1548 2643 1597 2732 δέ
1616 2650 1793 2731 omnibns
1813 2647 1944 2731 renale
1953 2644 2046 2752 fue·

673 2749 734 2831 rit
755 2751 1026 2863 propofitum,
1074 2751 1150 2838 non
1174 2773 1329 2838 tantum
1353 2782 1413 2838 me
1435 2757 1498 2838 hie
1516 2754 1661 2867 erraffe
1682 2757 1868 2866 fatebor,
1908 2782 2042 2841 uerum

568 2953 572 2966 Ι
676 2862 830 2965 etiam,
867 2868 1061 2948 communi
1087 2867 1364 2950 humaniorum
1393 2865 1623 2951 litterarum
1652 2866 1803 2978 seuffut,
1833 2894 1961 2953 omnes
1979 2864 2042 2975 isli

675 2965 862 3083 Principi
872 3039 885 3080 ‚
914 3002 1012 3084 quas
1032 2980 1173 3080 debeo,
1202 2991 1320 3082 agam
1334 2976 1381 3062 ὃ
1395 2981 1537 3062 habebo
1555 2980 1726 3086 gratias.
2138 2983 2140 2986 ’

549 3175 552 3182 ,
731 3084 874 3169 Cetera
904 3115 1033 3170 omues
1060 3089 1171 3190 illos,
1202 3090 1271 3196 qui
1302 3083 1464 3172 haerent
1495 3091 1537 3172 in
1570 3092 1746 3174 ridendis
1772 3087 1934 3174 ineditis
1963 3091 2041 3200 epi·

671 3200 987 3303 grammatibus,
1018 3227 1105 3284 cum
1132 3226 1181 3283 ne
1211 3200 1319 3281 edita
1348 3199 1502 3306 quidem
1523 3199 1629 3306 settis
1657 3204 1826 3283 habeant
1857 3204 2037 3307 cognita,

675 3331 751 3387 non
778 3311 858 3416 fine
888 3309 1143 3418 consolatione
1169 3313 1340 3416 quadam
1359 3310 1581 3414 dimittam,
1611 3313 1795 3422 quoniam
1813 3311 1860 3393 id
1872 3329 1954 3394 tam
1980 3337 2038 3398 re·

669 3415 869 3502 hementer
889 3437 1086 3528 exoptant.
1572 3430 1576 3440 '

734 3529 866 3610 Unum
890 3529 942 3614 id
967 3532 1063 3624 item
1091 3532 1263 3616 alterum
1291 3529 1528 3616 ineditorum
1543 3533 1896 3642 Epigrammatum
1922 3531 1973 3637 esi
1996 3555 2040 3615 a·

667 3643 759 3750 pud
778 3667 838 3722 me
856 3643 1023 3750 optimae
1038 3660 1157 3726 notae
1174 3646 1463 3753 apographum,
1486 3645 1865 3750 quorumnotitiam‚
1885 3671 1974 3726 cum
1995 3644 2043 3728 id

676 3751 1220 3862 locus&tempusposlulant,
1251 3751 1577 3863 accuratissimam
1589 3757 1701 3838 dabo.
1736 3753 1893 3836 illorum
1907 3780 2038 3838 nume-

676 3887 749 3944 rus
771 3881 939 3972 tempore
961 3881 1149 3968 augetur,
1174 3891 1261 3948 cum
1272 3867 1334 3948 his
1350 3862 1436 3972 ipfis
1448 3866 1607 3968 diebus,
1627 3865 1771 3972 quibus
1788 3867 1861 3947 has
1881 3865 2038 3950 litteras

675 3976 839 4058 exorari
849 4037 862 4074 ‚
902 3978 958 4056 ad
983 4001 1043 4056 me
1053 3977 1282 4086 peruenerit
1302 3973 1480 4084 epistola,
1510 4001 1531 4058 e
1563 3977 1665 4081 loco,
1696 4001 1807 4084 quem
1836 4001 2037 4084 nunquam

674 4086 783 4188 adii,
812 4108 838 4167 a
860 4087 969 4188 uiro,
999 4112 1198 4192 quemnam
1221 4085 1395 4190 cognobi,
1427 4113 1497 4168 nee
1516 4089 1651 4195 dequo
1676 4089 1889 4194 quidquam
1917 4103 2052 4169 antea,

676 4198 823 4281 audiri.
860 4199 932 4278 hac
961 4193 1112 4306 epillola
1141 4197 1240 4278 mihi
1266 4195 1434 4306 offertur
1470 4197 1625 4304 Codex,
1664 4199 1735 4306 qui
1765 4198 2037 4306 pluraquam

665 4303 916 4416 septingenta
929 4308 1262 4390 ineditacoutinet
1280 4309 1587 4416 epigrammata,
1611 4337 1698 4392 cum
1711 4309 2043 4418 obseruationibus.

676 4417 878 4524 Francisc'i
897 4419 1040 4524 Guyeti
1052 4421 1169 4526 ‚oqui
1182 4436 1328 4526 quanto
1345 4415 1471 4522 stadio
1496 4418 1810 4504 elaborareritin
1832 4423 2037 4502 emendan-

540 4604 545 4613 ,
676 4531 732 4614 dis
764 4528 811 4612 δ’
836 4527 1079 4634 illustrandis
1103 4531 1453 4641 epigrammatibus
1477 4531 1663 4637 Graecis,
1687 4532 1836 4614 nemini
1847 4589 1859 4630 ,
1872 4533 1948 4638 ‘qui
1969 4533 2039 4612 ha·

520 4667 525 4680 ·
675 4665 766 4722 rum
790 4665 926 4720 rerum
947 4641 1120 4746 aliquant
1139 4643 1394 4748 cognitionem
1413 4643 1552 4745 habet,
1582 4644 1757 4747 ignotum
1781 4639 1842 4746 est.

731 4751 910 4834 Codicum
947 4751 1059 4836 illum
1099 4755 1271 4840 nondum
1314 4755 1478 4865 accepi,
1515 4757 1689 4863 quotidie
1718 4779 1806 4846 tero
1830 4751 2035 4865 exspelio,

1903 4887 2036 4976 quam·
