4790 6008
645 519 1346 660 ‘r.1utt1tuttrt'·r1us.¹
1452 629 1467 672 ¹.

483 915 487 923 ’
559 849 562 852 ¹
697 899 818 977 XXI.
854 897 910 974 Dr
930 897 1070 973 Nicoluo
1086 893 1284 972 Patriarclra

801 1113 809 1153 ⁹
943 1117 1207 1198 Alexandrino,

409 1440 484 1542 Qui
506 1438 644 1514 domuit
666 1458 769 1537 reges
792 1435 1010 1538 adversaque
1037 1439 1168 1516 robora
1190 1434 1320 1536 fregit,

456 1567 512 1642 Ut
530 1566 615 1660 suus
633 1565 789 1661 antiquis
807 1565 945 1664 legibus
963 1568 1047 1642 ellet
1066 1564 1211 1658 humosa

406 1691 582 1767 Nicoleos
602 1691 736 1768 Christi
757 1695 835 1768 vice
857 1695 991 1791 primus
1008 1693 1045 1766 in
1066 1690 1154 1766 urbe
1172 1686 1334 1764 sacerdos

457 1819 533 1896 Sub
549 1839 663 1914 parvo
681 1819 835 1915 posrtunr
854 1838 1026 1894 marmore
1044 1837 1178 1912 corpus
1193 1814 1311 1890 habet.

408 1945 526 2020 Aurea
543 1962 713 2020 terrarum
730 1945 791 2020 sed
810 1945 964 2041 contigit
982 1941 1112 2045 extima
1132 1943 1269 2032 virtus,

445 2071 507 2146 ¹Et
524 2091 622 2147 mens
641 2086 803 2148 aeternae
821 2071 942 2147 limina
958 2071 1050 2146 lucis
1068 2067 1155 2143 adit.

408 2198 450 2272 ln
471 2197 572 2272 terris
593 2197 740 2271 caeleste
757 2197 821 2272 fibi
853 2217 932 2273 nam
951 2197 1087 2294 legerat
1104 2213 1255 2286 aevum,

315 2425 337 2438 ..
454 2321 553 2400 Dum
575 2321 730 2396 formosa
753 2323 816 2417 pio
843 2325 997 2399 membra
1019 2323 1141 2398 labore
1165 2319 1305 2416 premit.

793 2620 943 2742 XXll.
974 2619 1031 2695 De
1057 2619 1177 2697 eodem.

386 2939 391 2948 ·
411 2910 603 3006 Gregorius
622 2909 706 2985 casti
724 2929 995 2990 monumentum
1015 2913 1124 2990 moris
1147 2910 1184 2986 &
1202 2908 1307 3006 aequi

461 3037 539 3112 Huc
558 3038 595 3112 in
617 3037 921 3116 Nicolei-dedicat
942 3037 1072 3138 effigie.

814 3271 988 3406 xxrrr.
1027 3279 1147 3405 Arrun.

411 3621 467 3694 Te
490 3637 608 3713 neque
630 3616 711 3710 post
734 3631 883 3694 mortem
907 3642 972 3716 per
997 3635 1107 3696 terras
1131 3619 1223 3695 fama
1248 3615 1439 3714 relinquit,

460 3745 601 3819 Lucent
625 3741 787 3840 egregiae
812 3765 906 3820 nunc
932 3765 1079 3843 quoque
1103 3744 1231 3820 mentis
1255 3763 1354 3838 opes.

417 3871 515 3968 Quas
541 3889 665 3944 natura
690 3869 821 3962 dedit,
856 3872 915 3946 vel
939 3889 1025 3966 quas
1050 3869 1211 3943 duilrina
1235 3866 1424 3962 paravit„

461 3997 551 4091 His,
576 3995 733 4092 Pythea,
757 3997 889 4072 meritis
913 4017 997 4074 arva
1019 3999 1121 4074 beate
1146 3981 1258 4072 tenes.

615 4287 785 4365 XXIV.
839 4285 1330 4366 Cnnurmncttr.

412 4577 582 4675 Quisquis
607 4579 645 4654 in
670 4579 809 4656 inferna
832 4581 1067 4660 Timarchum
1088 4583 1170 4659 sede
1193 4583 1369 4679 requiris,

461 4701 515 4775 Ut
540 4701 675 4797 discas,
698 4709 832 4786 animus
858 4707 943 4806 quid
968 4711 1032 4801 fit,
1058 4709 1095 4783 δι
1120 4727 1165 4782 an
1189 4707 1364 4782 redeasr‘

412 4824 580 4902 Pausania
603 4831 647 4905 de
672 4850 771 4926 patre
797 4835 888 4912 tribu
912 4833 1129 4912 Ptolemaide
1155 4829 1331 4931 quaerens

194 5020 197 5026 ,
459 4953 651 5051 Invenies,
675 4957 808 5066 habitat
833 4981 926 5060 quae
949 4961 1007 5062 pia
1030 4965 1159 5057 turba,
1185 4961 1288 5038 lucis.

362 5079 559 5162 ‚nomm
698 5085 779 5152 .·
1043 5067 1154 5165 c‘
