4790 6008
967 531 990 630 (
1037 545 1112 605 vn
1162 525 1186 623 )

347 787 495 892 'addita
523 777 753 874 D'Otuillt'i
770 781 958 890 mpune
992 777 1114 886 stola,
1146 778 1429 866 truculentae
1449 778 1500 868 θ
1514 775 1628 886 officii
1643 785 1727 895 ple.

353 924 431 1000 aa,
458 919 574 1004 equa
599 921 785 1002 magnam
802 895 917 978 babeo
948 911 1064 1004 pem,
1086 889 1178 1000 fore
1195 910 1242 976 nt
1257 915 1405 976 ornnem
1424 921 1511 978 eum
1531 895 1728 980 marsnae
1871 923 1873 927 ·

354 1009 401 1098 {a
428 1007 664 1116 elegantium
680 1003 1053 1110 animaduersionum
1071 1003 1319 1112 tbcsaurnm,
1357 1031 1468 1114 quern
1488 1003 1603 1116 ipfius
1629 1031 1724 1094 auus

352 1127 410 1210 ad
425 1146 563 1206 noram
578 1117 838 1226 Antbologiae
860 1117 1037 1200 Graecae
1060 1115 1266 1200 editionem
1284 1119 1557 1204 adornandam
1574 1135 1724 1230 conpa-

352 1236 524 1333 rauerit,
547 1234 643 1317 mibi
652 1233 696 1314 in
706 1257 807 1317 meos
816 1229 907 1338 usus
919 1232 1126 1328 concedat,·
1148 1231 1252 1336 qnod
1256 1227 1293 1335 st
1301 1225 1406 1334 fiat,
1427 1257 1467 1314 eo
1479 1229 1539 1312 ita
1548 1248 1720 1334 utemur,

352 1365 399 1436 ut
418 1347 595 1428 Graecae
613 1344 772 1450 linguae
785 1339 944 1450 lludod
957 1338 1004 1424 ὁ)
1018 1343 1122 1425 artis
1134 1343 1312 1425 Criticae
1320 1343 1450 1452 periti
1470 1365 1580 1426 omne
1593 1341 1718 1446 illud,

352 1458 545 1567 quidquid
555 1455 631 1561 stt,
660 1457 1021 1544 anobisintactnm
1039 1470 1156 1562 atque
1172 1451 1402 1538 inuiolatum
1415 1455 1616 1562 accepturi
1626 1453 1720 1560 flnt.

406 1567 530 1678 ,Quod
558 1584 689 1652 autem
717 1570 774 1651 ad
802 1565 925 1678 ipfirm
949 1567 1127 1648 Codicem
1150 1563 1325 1648 Latinae
1345 1564 1526 1672 oerssonis
1545 1564 1717 1670 attinet,

350 1681 446 1764 talis
486 1681 641 1762 omnino
682 1677 765 1786 est,
815 1678 967 1788 qualem
997 1703 1083 1760 eum
1109 1673 1306 1786 descripfit
1336 1671 1485 1760 Petrus
1516 1675 1719 1760 Rorman-

349 1845 423 1904 nus
437 1818 635 1926 beandus
657 1821 701 1900 in
721 1819 923 1929 principio
952 1793 1168 1926 apographi
1180 1814 1272 1922 stri,
1303 1812 1364 1898 leis
1383 1815 1524 1898 uerbis.
1583 1793 1719 1892 Erat

348 1937 423 2034 bic
440 1937 582 2034 codex
593 1937 922 2066 apographus,
949 1935 1139 2059 diversa
1163 1961 1312 2030 manu
1325 1951 1416 2056 pro
1432 1961 1622 2065 numero
1641 1961 1717 2031 cu·

335 2073 508 2198 jusque
532 2073 646 2170 libri
659 2077 939 2199 descriptus,
964 2071 1054 2192 sed
1066 2078 1118 2167 in
1135 2073 1352 2200 margine
1364 2065 1527 2198 pafflm
1546 2067 1609 2166 ab
1624 2063 1719 2196 ipso

347 2237 593 2308 GROT10
614 2217 895 2308 emendatus.
944 2231 1021 2312 Cur·
1039 2232 1192 2339 quidem
1209 2228 1462 2340 descriptioni
1481 2227 1719 2312 nibiliola

345 2345 624 2450 quodaddam,
655 2340 729 2448 nost
743 2344 848 2448 quod
864 2343 1030 2426 uiderim
1051 2343 1172 2424 etiam
1190 2357 1274 2424 tota
1284 2341 1595 2450 epigrammata,
1615 2362 1717 2446 quat

339 2453 509 2562 fuerant
528 2451 685 2564 omrffit,
715 2451 830 2561 ipfins
852 2455 1003 2538 Geor
1015 2481 1052 2536 ιι
1077 2477 1200 2535 manu
1221 2451 1363 2536 octaris
1374 2449 1492 2560 fmffe
1510 2452 1674 2554 adjelia.

398 2564 486 2648 Hoc
512 2567 621 2649 ruodo
645 2565 778 2669 itaque
796 2561 904 2646 illud
919 2563 1112 2670 consecuti
1125 2562 1293 2670 firmus,
1322 2579 1367 2644 ut
1387 2566 1489 2646 banc
1509 2561 1714 2669 uerstonem

344 2672 562 2780 Latinam,
583 2701 701 2786 quam
712 2676 853 2781 quanti
865 2700 933 2758 nos
946 2673 1171 2784 faciamus,
1191 2675 1283 2779 jnm
1300 2675 1372 2758 diu
1393 2673 1609 2778 intelligis,
1649 2673 1714 2758 uir

342 2785 602 2894 ornatifflme,
641 2789 701 2870 ita
731 2788 942 2870 corradum
975 2785 1021 2870 θ’
1050 2788 1269 2893 integram,
1296 2787 1406 2895 quast
1435 2812 1485 2882 ex
1513 2787 1713 2872 Gnocn

341 2923 407 2979 ore
424 2895 596 3007 oeniffet,
609 2925 685 2980 non
697 2914 854 2980 tantum
868 2895 1018 3005 nostrae
1028 2901 1175 2983 aetatis
1189 2898 1433 3005 bominibus,
1447 2923 1579 2982 uerum
1590 2900 1711 2980 etiarn

340 3009 406 3118 ipso
416 3007 644 3118 posteritati
670 3012 939 3094 commendare
965 3009 1154 3120 pofflmus.
1182 3011 1288 3120 qnod
1307 3009 1391 3118 fine
1419 3011 1517 3095 dillo
1544 3027 1710 3120 apogra-

331 3123 410 3228 plzo
431 3122 543 3204 nobis
564 3149 641 3206 non
663 3119 849 3230 licuiffet,
879 3141 925 3206 ut
943 3149 993 3205 ex
1024 3124 1218 3208 uarietate
1248 3121 1422 3226 leliionis
1457 3118 1504 3206 δέ
1537 3122 1581 3204 in
1604 3136 1706 3204 tomo

331 3233 464 3339 primo
479 3230 681 3339 faciendis
703 3235 1036 3316 emendationibus
1059 3233 1194 3317 ledaei
1212 3235 1430 3341 apparebit.

393 3342 537 3424 Facere
569 3360 701 3426 tamen
729 3343 883 3426 interea
907 3341 1213 3456 nonpoffumns,
1241 3343 1338 3450 quin
1347 3342 1420 3450 sae
1446 3344 1509 3427 ins
1529 3343 1708 3448 indigne·

338 3475 463 3554 mur,
499 3457 632 3559 qaod,
670 3454 762 3538 dum
793 3479 891 3557 nos,
932 3473 980 3538 ut
1003 3457 1164 3563 quisque
1180 3452 1305 3563 facile
1325 3359 1542 3565 peribam,
1585 3478 1707 3562 neque

335 3559 569 3661 laboribus,
607 3577 727 3668 neque
744 3559 816 3663 sat
845 3566 1001 3668 magnis
1033 3566 1242 3674 impendiis
1271 3565 1442 3670 quotidie
1460 3581 1705 3676 parcamus,

335 3689 381 3754 ut
402 3675 581 3783 hocopus
602 3667 824 3778 nitidrffime
851 3670 899 3757 ἐξ
918 3671 1201 3784 accuratrfflme
1218 3677 1262 3756 in
1281 3674 1405 3760 lucem
1428 3680 1586 3779 ueniat,
1617 3702 1706 3760 exo·

335 3783 474 3866 riatur
493 3781 685 3889 molestum
711 3783 904 3890 quoddam
922 3787 1120 3870 bominum
1137 3811 1262 3895 genus
1272 3847 1285 3888 ,
1314 3787 1441 3897 quise
1457 3787 1702 3876 litteratores

331 3893 470 3977 baberi
493 3895 648 3996 uolunt,
678 3892 868 3999 necstrnt.

337 4015 342 4020 ’
389 4003 473 4108 Hi,
502 4008 651 4093 relidit
680 4009 954 4092 Gnomm
972 4009 1126 4116 ingenii
1148 4011 1435 4112 monumentis,
1463 4011 1585 4113 mibi,
1614 4035 1704 4117 quo·

330 4115 408 4198 ties
438 4143 504 4223 ego
538 4117 625 4202 illos
650 4119 783 4219 tideo,
812 4121 926 4204 toties
953 4122 1219 4226 obganniunt.
1252 4123 1351 4229 qnid
1367 4118 1443 4224 fiet
1472 4124 1518 4204 de
1539 4120 1702 4206 ineditis

332 4223 741 4336 Epigrammatibnsl>
767 4253 930 4337 quorum
953 4229 1071 4340 sama
1087 4234 1145 4316 ad
1170 4233 1268 4342 rpstts
1281 4231 1445 4342 perlata
1465 4229 1537 4337 est,
1567 4256 1701 4341 quam·

330 4363 403 4444 que
431 4365 481 4420 ex
513 4343 690 4452 opinione
719 4359 887 4446 augent,
918 4368 1076 4428 rumore
1104 4348 1270 4453 quodam
1292 4344 1514 4450 exagitati,
1546 4369 1632 4426 cum
1653 4369 1702 4428 ne

330 4446 570 4557 centestmam
588 4455 743 4560 quidem
776 4453 1037 4564 Antbologiae
1069 4457 1270 4563 Graecae,
1298 4479 1326 4538 a
1350 4457 1530 4540 Brodaeo
1547 4457 1699 4559 editae,

321 4575 483 4669 partem
496 4565 595 4647 retia
601 4563 860 4674 perlegerint.
998 4648 1001 4655 ,
1295 4661 1300 4672 Χ

387 4669 551 4782 Tenem
566 4675 722 4766 mallem
736 4677 864 4764 ‚unum
887 4677 1478 4789 transtuliffc,moreGooT11,
1501 4677 1698 4763 &aarum

326 4775 616 4894 Epigramma,
644 4811 762 4898 quam
791 4792 962 4878 omnium
991 4791 1153 4878 illorum
1179 4795 1492 4906 importunorum
1517 4783 1700 4982 interlpel-

695 4955 699 4971 ¹
1620 4915 1701 4984 ato
