4790 6008
676 515 923 614 'arnna
975 515 1369 617 ramirus.

438 743 854 864 rranradrgensqre‘su'o
869 737 969 840 ferro
987 761 1050 839 noi
1068 747 1222 857 uiscera,
1249 741 1368 848 dinit't

384 947 399 962 ·
485 897 576 972 Nun
594 910 632 969 tu
647 909 763 969 morte
782 909 889 985 potes
906 892 1051 968 uincere
1065 911 1146 984 me,
1169 891 1232 968 sed
1250 913 1332 990 ego.
1362 936 1364 944 ι

403 1281 409 1294 Ι
539 1181 910 1262 rauranum
943 1178 1530 1276 Tunssnrourcrnsrs,

928 1373 968 1448 de
985 1375 1106 1453 eodem.

433 1669 559 1744 Aelius
570 1663 790 1766 ‚Argolidum
811 1661 953 1753 redint,
977 1663 1039 1738 cui·
1054 1664 1165 1739 fortia
1179 1666 1272 1740 colla

483 1795 660 1869 Vinxerat
678 1811 723 1864 ex
739 1809 828 1862 auro
846 1787 954 1864 multa
968 1811 1102 1866 corona
1119 1791 1243 1889 gravi,

435 1921 524 1997 Cum
538 1922 637 1996 tabes
656 1915 779 1991 ederet
795 1917 999 2012 languentia
1017 1919 1193 2013 membra,
1219 1919 1373 1996 recurrit

386 2051 389 2058 '
479 2047 553 2142 Ipse
571 2045 617 2119 ¹ud
634 2029 781 2118 virtutis
797 2041 890 2116 faite
909 2044 1028 2138 priora
1048 2046 1156 2136 suae;

431 2174 655 2270 Infixumque
673 2172 839 2265 premens
856 2170 1009 2264 gladium
1028 2171 1090 2248 sub
1110 2171 1280 2267 pretore,
1305 2174 1452 2250 clamat:

475 2299 620 2374 Occidit
634 2298 778 2372 miseros
793 2298 964 2389 morbus,
988 2312 1023 2371 at
1040 2318 1134 2372 arma
1153 2299 1266 2374 viros.

687 2547 811 2628 XVI.
860 2555 1333 2648 Munsnncne,

519 2749 558 2824 de
572 2749 638 2844 iis,
663 2749 716 2844 qui
734 2749 778 2822 ad
799 2747 1115 2847 Thermopylarum
1132 2749 1282 2826 Leonida
1298 2747 1521 2825 occubuerans

429 3011 531 3110 Quae
548 3009 719 3104 patriam,
739 3007 807 3103 jam
826 3009 923 3090 triste
942 3009 1068 3110 jugum
1087 3010 1226 3084 cervice
1244 3009 1465 3103 trahentem,
1554 2994 1558 3004 “

478 3139 650 3226 Afferuit,
673 3137 765 3228 jacet
779 3135 848 3209 hoc
864 3158 992 3234 aggere
1011 3137 1104 3212 tedia
1123 3137 1292 3230 cohors,

427 3261 580 3337 Virtutis
595 3261 723 3334 merito
738 3261 976 3334 celeberrima.
993 3263 1156 3357 quisquis
1174 3285 1236 3354 es,
1259 3263 1343 3337 inde

478 3389 623 3478 Cerne,
647 3391 809 3484 morique
824 3383 914 3461 aud'e
929 3404 970 3461 tu
984 3405 1129 3484 quoque
1148 3409 1217 3482 pro
1237 3391 1361 3484 patria,

708 3640 1301 3722 XVH.Gnerun1n

1646 547 1701 640 rr

425 3907 584 4002 Tempus
603 3905 774 4000 (namque
789 3903 972 3978 hominum
991 3905 1140 3981 curuos
1160 3901 1363 3999 introspicis
1377 3897 1508 3996 attus)
1605 3907 1608 3914 ’
1666 3991 1672 4012 ι

473 4033 639 4131 significa
658 4030 802 4126 popidis
818 4029 904 4102 haec
923 4032 1036 4122 mala,
1063 4051 1155 4128 quae
1175 4031 1341 4126 patimur.

423 4159 551 4236 Omnia
569 4159 652 4232 dum
673 4156 844 4246 facimus,
870 4178 915 4230 ne
937 4157 1087 4231 Graecia
1111 4157 1264 4248 sentiat,
1287 4176 1373 4230 ecce

472 4285 611 4360 Aoniae
630 4281 789 4379 pulchris
807 4283 956 4360 vallibus
975 4279 1203 4359 immorimur.

590 4627 594 4637 ,
667 4539 844 4616 XVIII.
895 4540 1346 4618 Annrrnrrr.

421 4798 480 4874 nd
496 4819 589 4874 mere
612 4749 808 4893 Corycium
828 4821 902 4875 non
922 4801 1031 4898 longe
1053 4797 1184 4913 finibus
1211 4797 1283 4889 iffi,

307 4915 313 4926 ⁸
367 5025 372 5032 Ι
475 4926 547 5000 Hic
565 4929 628 5004 fita
644 4927 831 5004 Persarum
848 4927 1081 5004 miiliamulta
1093 4925 1227 5004 sumus..
1370 5005 1376 5016 ,
