4790 6008
657 541 910 626 LIBER
959 543 1355 626 TERTIUS.

656 1215 1346 1293 ln.Auacaeoue1e

395 1489 399 1496 ¹
421 1502 515 1580 Cum
534 1502 594 1578 sua
613 1502 800 1580 defensans
819 1505 989 1601 Agathou
1009 1504 1155 1580 Abdera
1176 1503 1343 1598 perisset,

467 1631 586 1705 Flevit
606 1631 650 1704 ad
670 1631 834 1707 ardentes
851 1632 963 1727 patria
981 1646 1057 1706 tota
1076 1616 1209 1728 rogos:

383 1769 385 1774 ’
421 1759 516 1834 Nam
540 1759 602 1832 tali
615 1757 783 1854 juvenem
810 1759 940 1834 virtute
959 1779 999 1832 ac
1017 1759 1148 1832 robore
1164 1775 1346 1854 nunquam

470 1887 621 1960 Mavors
638 1885 829 1982 sanguinea
849 1885 988 1962 sustulit
1007 1907 1053 1960 ex
1070 1885 1158 1962 acie.

722 2142 800 2220 IV.
851 2144 1291 2234 Matinum,

727 2332 783 2406 De
809 2334 952 2430 Epicuro
977 2333 1022 2420 ἃ
1054 2277 1279 2432 Themistocle.

426 2541 568 2672 Sal'vete
588 2615 611 2668 o
631 2592 782 2668 Neoclis
799 2592 874 2668 nati
891 2589 990 2667 duo:
1018 2596 1153 2691 quippe
1172 2591 1355 2689 perillum

474 2719 603 2796 Libera
623 2743 710 2818 gens
732 2719 908 2812 Cecropis
923 2718 1039 2813 satta,
1064 2742 1128 2818 per
1150 2707 1248 2796 hu'nc
1267 2719 1417 2814 sapiens.

722 2977 1293 3070 V.Geamau1e½

750 3193 777 3214 ‘
847 3170 903 3244 De
931 3169 1152 3262 Themistocle.

424 3429 495 3506 Pto
513 3428 651 3522 tumulo
668 3425 849 3537 mibtota
864 3428 969 3505 Brevi
985 3429 1028 3505 fit
1045 3426 1217 3506 Graecia:
1243 3427 1344 3523 iuxta

472 3554 651 3629 Barbatici
667 3555 803 3632 tabulas
821 3553 934 3650 adjice
953 3555 1139 3652 naufragii.
1240 3653 1246 3658 Ι

426 3682 522 3758 Tum
542 3683 674 3754 circum
693 3679 830 3756 Xerxes
852 3682 888 3756 δι
910 3681 1043 3758 circum
1062 3683 1218 3758 Persicus
1240 3701 1337 3756 oram

476 3807 581 3886 Mars.
593 3823 673 3882 eat:
701 3807 787 3881 haec
802 3808 896 3883 inter
915 3809 1030 3886 conde
1052 3809 1326 3884 Themistoclea.

430 3932 571 4026 Cippus
591 3935 658 4008 erit
686 3933 839 4010 Salamin
868 3956 945 4008 mea
968 3957 1042 4010 non
1063 3937 1226 4009 mortalia
1244 3934 1338 4008 fasta

476 4057 766 4153 Concelebrans3
789 4083 918 4162 magno
936 4061 1022 4159 quid
1039 4063 1125 4136 mihi
1140 4082 1249 4158 parva
1269 4059 1387 4136 datis?

772 4315 850 4392 VI.
900 4317 1236 4394 D10n0R1.

408 4501 514 4638 ¹'Vile
535 4562 791 4643 Themistoclei
809 4591 897 4666 gens
915 4569 977 4646 dat
996 4573 1141 4667 Sipylea
1158 4569 1400 4666 sepulchrum,
1438 4511 1441 4520 1

480 4688 573 4764 Cum
593 4696 726 4788 patriae
743 4696 876 4772 vindex
892 4699 978 4790 ille,
1004 4715 1191 4795 metusque
1211 4699 1339 4786 Asiae,

431 4817 623 4894 Externam
641 4838 768 4896 terram
787 4823 1014 4921 lapidemque
1032 4827 1179 4902 volente
1201 4823 1338 4898 subivit

481 4945 636 5025 Invidia.
664 4948 814 5043 Virtus‘,
831 4969 933 5046 quam
952 4951 1017 5028 tibi
1033 4973 1164 5048 parvus
1182 4949 1319 5026 honor!

1025 5076 1064 5151 D

1510 5064 1609 5147 VII.
1632 5067 1692 5142 De
