4790 6008
978 529 1151 628 (v)

378 809 484 880 tates
508 786 555 876 δὲ
570 785 670 876 uidit
691 777 738 870 &²
747 775 938 892 pertulit.
963 777 1009 886 se
1032 775 1206 888 anquam
1225 779 1411 890 impediri
1419 779 1555 892 paffus
1571 779 1640 890 est.
1671 809 1747 894 qua

318 985 324 996 .
376 906 533 1007 minus,
563 897 757 1008 quidquid
771 892 847 999 stou·
860 893 911 973 ab
930 892 1117 998 injuneiis
1142 891 1345 975 laboribus
1369 891 1581 1004 stapercffet
1607 912 1748 1006 tempo·

378 1018 463 1115 rie,
493 1036 603 1096 omne
630 1005 734 1090 illud
749 1002 830 1111 ullis
862 1002 1024 1106 ingenui
1042 1000 1166 1108 studii
1196 1002 1482 1088 obleiiamentis
1501 1005 1658 1116 semper
1675 1007 1749 1090 im·

367 1125 584 1240 penderet,
613 1142 735 1226 quae,
765 1131 810 1198 ut
826 1112 903 1224 ipse
919 1115 1002 1212 ait,
1032 1117 1083 1197 ab
1102 1113 1278 1222 utilitate
1287 1114 1454 1222 publica
1480 1143 1557 1200 non
1580 1119 1749 1202 nimium

376 1233 637 1341 abscederent.
668 1225 793 1340 Quod
810 1225 964 1332 quidem
983 1225 1020 1306 ei
1042 1242 1124 1308 tam
1152 1226 1245 1306 bene
1262 1221 1457 1334 fieceefflt,
1500 1243 1546 1308 ut
1573 1229 1681 1312 idem·
1703 1231 1746 1312 in

368 1346 538 1456 fiammis
567 1341 665 1427 uiris
694 1352 1011 1432 numeraretur,
1043 1335 1081 1444 fi
1113 1337 1226 1420 nobis
1250 1336 1357 1418 nibil
1380 1336 1523 1440 aliud,
1563 1338 1638 1447 nid
1653 1342 1747 1424 baec

378 1458 475 1541 aaut
509 1455 580 1538 otii
609 1450 655 1536 &⁹
670 1448 825 1562 poeseos
854 1445 1130 1549 oblellamenta
1146 1443 1372 1554 reliquffu.

431 1567 570 1662 Vides,
590 1565 719 1659 uide-s,
741 1561 881 1670 optime
904 1561 1105 1652 Hesus,
1123 1585 1183 1642 me
1194 1557 1359 1641 Latinis
1369 1557 1601 1665 uerfiouibus
1619 1564 1747 1646 Gno-

375 1705 448 1766 sn
479 1676 663 1760 delectari
687 1671 738 1758 ὅθ
754 1673 805 1754 iic
830 1685 986 1752 tantum
1010 1671 1209 1772 tribuere,
1239 1686 1431 1776 quantum
1457 1671 1551 1756 aliis
1574 1671 1750 1783 grauiffl·

376 1791 512 1874 misia
530 1814 575 1870 re
592 1785 798 1868 litteraria
806 1781 986 1888 summae
1004 1783 1202 1866 doctrinae
1219 1781 1491 1866 monumentis.
1648 1883 1657 1890 ,

478 1923 576 1980 aare
593 1923 641 1978 ne
657 1891 831 1992 dubites,
861 1919 921 1974 me
946 1919 1095 1977 omnem
1113 1910 1268 2003 operam
1293 1888 1451 2000 dedeffie,
1482 1908 1529 1974 ut
1553 1893 1597 1977 bi
1613 1885 1748 1978 ultimi

376 2011 422 2098 ἐξ
465 2005 652 2116 αααὶθϊααί
671 2006 821 2112 ingenii
849 2006 1120 2090 Gonnum
1134 2004 1291 2196 liores,
1321 2027 1436 2110 quos,
1473 2007 1605 2110 quoad
1620 2007 1747 2109 uixit,

377 2123 514 2206 ordine
532 2117 606 2225 fito
635 2115 850 2226 disposttos,
880 2117 1054 2197 aeternis
1091 2141 1131 2197 eo
1150 2115 1285 2216 oribus
1311 2111 1573 2217 exhilaratos,
1604 2113 1651 2200 ἐξ
1679 2133 1749 2226 pe·

377 2231 562 2338 ritisfimo
597 2230 734 2332 cuique
760 2226 886 2308 obuios
914 2250 1074 2306 cernere
1095 2227 1255 2332 optabat
1275 2226 1338 2310 uir
1371 2221 1751 2336 praestantifflmus,

376 2343 525 2425 illibati
554 2336 599 2423 &⁹
608 2335 808 2448 splendidi
827 2331 992 2444 posteris
1021 2336 1281 2417 traderentur

433 2455 577 2535 Verum
608 2449 827 2530 enimuero
859 2470 962 2529 unus
992 2460 1150 2528 tantum
1178 2463 1269 2560 erat
1292 2445 1415 2542 liber,
1454 2472 1505 2528 ex
1539 2471 1613 2554 quo
1644 2447 1751 2534 illud

368 2561 574 2677 praestare
606 2554 760 2670 possem.
827 2553 909 2638 Hie
941 2553 1066 2654 liber,
1116 2571 1162 2638 ut
1179 2553 1284 2662 scis,
1326 2573 1519 2640 exaratus
1547 2554 1753 2663 elimatur

376 2676 495 2762 Petri
520 2669 750 2755 Burmanni
769 2664 936 2774 fecundi
946 2669 1015 2770 ,le
1046 2667 1209 2766 Codice,
1250 2689 1279 2750 a
1319 2665 1751 2758 mouettlituauedu

376 2788 449 2871 bus
483 2782 553 2892 ipst
577 2782 634 2865 ad
662 2776 955 2886 defieribendum
973 2801 1023 2860 ex
1048 2777 1203 2884 Anglia
1219 2775 1337 2888 miffio.
1705 2805 1707 2813 ¹

430 2895 557 2978 Nemo
578 2893 745 2976 Petrum
765 2889 1063 2988 Burmananm,
1091 2888 1162 2996 qui
1186 2913 1305 2974 aures
1333 2891 1456 2974 tritas
1479 2892 1648 2990 babebat
1678 2917 1752 2981 no·-

375 3007 511 3092 tandis
531 3011 742 3116 poetarum
774 2997 992 3086 latinorum
1022 3001 1158 3098 ditiis,
1199 3001 1243 3100 iu
1273 3023 1391 3108 eaque
1415 3028 1460 3084 re
1486 3004 1581 3087 bene
1599 3001 1749 3086 intelli·

372 3118 505 3226 guida
534 3117 788 3224 uimmsnam
808 3111 1021 3224 posternat,
1060 3137 1139 3196 non
1170 3111 1446 3222 peritcfflmum
1474 3113 1537 3197 bic
1566 3111 1748 3223 agnoscet
1795 3181 1797 3192 .

374 3231 431 3314 ad
456 3253 540 3310 rem
547 3224 761 3338 praeclare
776 3227 983 3327 agendam.

431 3339 529 3438 Sed,
558 3335 877 3446 quemadmodum
894 3329 995 3436 fieri
1015 3331 1140 3438 ficiet,
1178 3333 1248 3437 qni
1285 3335 1510 3442 crepundiis
1531 3335 1622 3441 fiais
1645 3334 1753 3419 dele·

376 3449 559 3546 bantur,
586 3469 632 3528 ea
647 3468 765 3551 qaam
785 3445 958 3526 maxime
980 3443 1152 3552 expolita
1171 3441 1218 3534 fii
1236 3445 1287 3525 ab
1318 3446 1504 3536 omnibus,
1517 3449 1668 3530 mendis
1699 3444 1751 3528 li·

375 3561 471 3642 bera
480 3552 667 3666 pcffldere
688 3557 861 3662 capiunt.
902 3555 948 3634 Si
965 3555 1378 3656 quaeigiturbabeant
1396 3553 1599 3640 elaborata
1615 3555 1752 3664 scub-

375 3684 491 3750 turae
507 3683 581 3748 aut
589 3663 770 3773 picturae
786 3677 922 3770 opera,
952 3686 1002 3743 ex
1029 3662 1141 3744 ebore
1152 3659 1407 3770 scadafigna,
1421 3665 1750 3968 ,cridietunen-

374 3777 535 3886 aliquod
547 3773 688 3860 coelatc'
703 3771 853 3856 metalla
870 3779 1166 3877 argumentum,
1196 3775 1369 3878 quotidie
1389 3799 1435 3857 ea
1453 3780 1511 3860 ad
1550 3778 1678 3860 iciant
1696 3774 1743 3861 δ’

373 3887 587 3994 diligenter
608 3883 870 3992 confiderunt,
908 3899 1025 3992 utque
1052 3883 1096 3964 in
1122 3908 1259 3966 aarum
1289 3910 1423 3966 rerum
1444 3904 1504 3996 pu
1521 3889 1750 3972 ebritadina-

374 3995 421 4082 ft
438 3999 567 4080 nitore
579 3997 626 4104 se
646 3995 852 4089 oblectant,
875 3991 932 4102 fic
962 4018 1078 4093 namo
1103 3992 1234 4104 aliquo
1259 3997 1507 4102 insaniendo,
1541 4017 1614 4083 ant
1642 4002 1744 4082 dete·

370 4109 501 4218 gendo
525 4105 681 4190 macula
701 4109 882 4206 continuo
905 4103 1172 4214 ufflndautur.
1211 4197 1216 4206 ⁸

325 4241 332 4251 ·
401 4219 566 4332 „Neque
586 4213 922 4325 altua'quidquau
934 4213 1104 4326 profetia
1115 4218 1216 4300 mibi
1229 4218 1379 4320 euenit,
1397 4220 1483 4324 qui,
1503 4245 1622 4328 quum
1634 4246 1749 4304 omne.

375 4353 562 4427 uacuum,
579 4331 684 4438 quod
701 4331 796 4408 mibi
809 4352 835 4410 a
847 4327 1013 4434 negotiis
1034 4329 1177 4410 datur.
1202 4347 1353 4439 tempus
1369 4327 1538 4436 transtgo
1550 4337 1593 4414 in
1615 4343 1742 4415 steo-

375 4463 540 4524 mus
569 4467 636 4525 uer
648 4464 733 4522 rone
751 4437 913 4545 legenda
926 4435 972 4524 &³
988 4439 1032 4520 ln
1050 4435 1402 4547 estiuselegantiam
1416 4441 1510 4523 bene
1522 4445 1748 4553 percipien-

375 4551 467 4634 dam
498 4554 603 4635 omni
626 4551 860 4656 cogitatione
890 4574 1060 4660 curaque
1096 4553 1305 4652 incumbo,
1342 4557 1635 4661 unumquodque
1661 4579 1745 4640 uer·

377 4662 468 4746 burn
486 4659 681 4750 Latinum
700 4664 758 4750 ad
777 4661 972 4780 Graecam
991 4661 1239 4821 statutarum
1256 4662 1469 4770 diligenter
1487 4666 1746 4858 eximiam

506 4787 511 4809 '
1094 4796 1128 4880 a
1539 4843 1543 4850 .
1698 4795 1747 4858 ca
