4606 6000
650 557 900 646 LIBER
950 557 1341 642 TERTIUS.

619 853 692 932 LI.
744 826 1318 932 Tneonomnej
1439 834 1442 844 ’

379 1113 518 1192 Siccine
536 1113 573 1188 in
590 1113 770 1202 Aeolion,
805 1108 930 1203 Pylius
951 1129 1056 1205 quem
1073 1107 1162 1186 sevit
1180 1113 1351 1209 Agenor,

425 1241 532 1315 Parca
554 1257 633 1315 tuos
655 1239 746 1334 juvit
766 1253 801 1312 te
820 1237 995 1312 stimulare
1015 1255 1145 1328 canes,
1251 1301 1256 1311 .

374 1366 589 1441 Morborum
607 1368 695 1440 mala
714 1365 840 1456 saeva,
868 1363 996 1460 quibus
1013 1362 1188 1458 discerpta
1204 1351 1352 1459 iuventa
1368 1363 1448 1440 esti

418 1493 531 1570 Nunc
553 1495 633 1571 Diti
654 1492 787 1590 praeda
808 1491 877 1566 est:
904 1505 942 1564 at
964 1487 1072 1563 modo
1096 1505 1248 1586 quantus
1273 1491 1377 1566 erati

686 1749 1226 1828 LH.Luou1unu

372 2009 496 2107 Qualia
513 2011 696 2106 perpetuis
716 2007 871 2084 tenebris
888 2006 978 2104 tegis
996 2010 1087 2100 ossa,
1114 2005 1369 2115 sepulchrum?

416 2135 620 2209 Hauserunt
639 2152 750 2211 terrae
769 2133 902 2209 viscera
924 2135 1029 2230 quale
1046 2134 1185 2228 caput?

368 2257 477 2356 Quod
496 2281 596 2352 coma
616 2263 759 2335 flauenti
779 2263 909 2332 circum
931 2259 1071 2334 velabat
1091 2255 1244 2349 amictu,

416 2387 610 2460 Aeternum
630 2385 745 2459 meriti
764 2406 921 2475 nomen,
948 2383 1186 2460 Aristocratis.

364 2509 482 2584 Norat
502 2512 734 2586 Aristocrates
752 2512 926 2606 populum
942 2511 1095 2584 mulcere
1113 2511 1324 2608 loquendo,

418 2635 506 2709 Non
526 2636 672 2710 tetricus
693 2653 787 2711 torta
807 2638 902 2712 nube
922 2636 1113 2731 supercilii.

368 2758 485 2833 Norat
506 2759 543 2840 de
562 2761 606 2834 ad
628 2761 754 2835 calices
768 2759 955 2836 hilaruntia
976 2762 1084 2836 verbe
1103 2761 1265 2856 profari,

414 2886 464 2959 Et
480 2887 622 2960 miscere
645 2889 754 2975 sales,
782 2888 820 2962 dc
838 2889 909 2964 fine
924 2887 1010 2963 felle
1026 2885 1140 2989 jocos.

364 3011 481 3086 Norat
501 3011 537 3086 dt
557 3013 758 3106 hospitibus
780 3015 863 3088 dare
875 3013 911 3086 se
928 3009 1131 3110 pariterque
1147 2991 1338 3112 benignum
1456 3121 1459 3126 Ι
1566 3033 1569 3040 ’

414 3137 585 3214 Civibus:
603 3139 647 3210 ab
664 3139 791 3233 pectus
809 3139 911 3233 quale
929 3137 1094 3212 recondit
1113 3135 1263 3214 humus!

603 3373 730 3468 LIII.
762 3381 963 3466 Peusnre
1000 3387 1256 3466 Turenum.
1324 3403 1342 3416 '¹

361 3649 535 3744 Dymaei,
559 3668 703 3723 nemore
722 3649 759 3727 in
779 3647 920 3722 Cranao
938 3648 1012 3736 duo
1028 3649 1139 3744 patris
1160 3647 1329 3722 Echellae

409 3777 594 3850 Eustratus
613 3774 670 3846 hic
687 3774 792 3867 posui
812 3771 1085 3868 Mantiadesque
1106 3769 1236 3850 sumus.

359 3901 556 4008 Arboribus
574 3899 665 3974 soliti
684 3917 822 3974 montes
841 3897 1010 3972 viduare:
1036 3897 1175 3987 secures
1230 3973 1234 3982 ,

407 4025 449 4100 In
473 4027 610 4100 tumulo
636 4026 748 4102 nostri
772 4021 867 4127 signe
891 4023 1023 4100 laboris
1045 4025 1191 4103 habent.

648 4264 1219 4360 LIV.'Me1.unou1.
1357 4374 1365 4384 ‚

356 4534 427 4610 Dic
445 4536 528 4610 mibi
544 4540 751 4634 quaerenti,
775 4541 855 4636 quis
876 4564 938 4633 ee,
964 4541 1001 4616 dc
1020 4561 1095 4638 quo
1112 4541 1243 4636 patre?
1268 4539 1449 4623 Philaulur

405 4661 618 4755 Eucratide3
645 4664 747 4757 cuius
765 4687 803 4740 es
821 4665 964 4763 genus?
988 4687 1008 4738 e
1028 4665 1198 4740 Tbriafis.

224 4867 230 4876 ,
358 4787 409 4860 At
434 4808 523 4884 quae
550 4789 619 4862 vita
645 4787 711 4865 trbi
734 4792 901 4885 placuit?
925 4811 999 4867 non
1024 4793 1176 4867 vomeris
1203 4795 1312 4886 unci,
1393 4822 1399 4833 =

407 4910 497 4988 Nou
523 4913 673 5007 ratium,
699 4913 814 5000 dudio
839 4917 899 4993 sed
924 4936 1043 4995 eomes
1066 4919 1127 4994 iila
1152 4919 1251 4996 viris.

917 5041 1000 5124 Kc

1582 583 1637 664 75
